<?xml version="1.0" encoding="UTF-8"?>
<!DOCTYPE html PUBLIC "-//W3C//DTD XHTML 1.0 Transitional//EN"
    "http://www.w3.org/TR/xhtml1/DTD/xhtml1-transitional.dtd">
<html xmlns="http://www.w3.org/1999/xhtml" xml:lang="en" lang="en">
 <head>
  <title>
</title>
<meta http-equiv="Content-Type" content="text/html;charset=utf-8" />
  <meta name='ocr-system' content='tesseract 3.04.00' />
  <meta name='ocr-capabilities' content='ocr_page ocr_carea ocr_par ocr_line ocrx_word'/>
</head>
<body>
  <div class='ocr_page' id='page_1' title='image "./iohannisgottfri00zinngoog_0248.png"; bbox 0 0 4064 5260; ppageno 0'>
   <div class='ocr_carea' id='block_1_1' title="bbox 622 455 1621 576">
    <p class='ocr_par' dir='ltr' id='par_1_1' title="bbox 622 455 1621 576">
     <span class='ocr_line' id='line_1_1' title="bbox 622 455 1621 576; baseline 0.005 -37"><span class='ocrx_word' id='word_1_1' title='bbox 622 455 841 548; x_wconf 63' lang='lat' dir='ltr'>asnjam,</span> <span class='ocrx_word' id='word_1_2' title='bbox 910 478 1272 540; x_wconf 74' lang='lat' dir='ltr'>onuanrenars·</span> <span class='ocrx_word' id='word_1_3' title='bbox 1452 455 1457 474; x_wconf 86' lang='lat'>&#39;</span> <span class='ocrx_word' id='word_1_4' title='bbox 1527 467 1621 576; x_wconf 63' lang='lat' dir='ltr'>vrep</span> 
     </span>
    </p>
   </div>
   <div class='ocr_carea' id='block_1_2' title="bbox 189 651 1620 978">
    <p class='ocr_par' dir='ltr' id='par_1_2' title="bbox 189 651 1620 978">
     <span class='ocr_line' id='line_1_2' title="bbox 283 651 1620 767; baseline 0.001 -17"><span class='ocrx_word' id='word_1_5' title='bbox 283 651 486 760; x_wconf 79' lang='lat' dir='ltr'>inntemum</span> <span class='ocrx_word' id='word_1_6' title='bbox 495 663 682 766; x_wconf 83' lang='lat' dir='ltr'>plurimae</span> <span class='ocrx_word' id='word_1_7' title='bbox 695 664 809 744; x_wconf 86' lang='lat' dir='ltr'>librae</span> <span class='ocrx_word' id='word_1_8' title='bbox 823 663 1048 746; x_wconf 83' lang='lat' dir='ltr'>lacertorum</span> <span class='ocrx_word' id='word_1_9' title='bbox 1064 669 1288 746; x_wconf 83' lang='lat' dir='ltr'>extimorum</span> <span class='ocrx_word' id='word_1_10' title='bbox 1302 666 1547 767; x_wconf 72' lang='lat' dir='ltr'><strong>ligamentum</strong></span> <span class='ocrx_word' id='word_1_11' title='bbox 1560 671 1620 751; x_wconf 77' lang='lat' dir='ltr'>tt·</span> 
     </span>
     <span class='ocr_line' id='line_1_3' title="bbox 283 769 1619 879; baseline 0.006 -31"><span class='ocrx_word' id='word_1_12' title='bbox 283 771 554 879; x_wconf 66' lang='lat' dir='ltr'>,pericandunt</span> <span class='ocrx_word' id='word_1_13' title='bbox 579 793 625 848; x_wconf 87' lang='lat' dir='ltr'>ea</span> <span class='ocrx_word' id='word_1_14' title='bbox 645 791 722 848; x_wconf 92' lang='lat' dir='ltr'>non</span> <span class='ocrx_word' id='word_1_15' title='bbox 735 769 831 868; x_wconf 82' lang='lat' dir='ltr'>parti</span> <span class='ocrx_word' id='word_1_16' title='bbox 846 770 909 848; x_wconf 84' lang='lat' dir='ltr'>ulli</span> <span class='ocrx_word' id='word_1_17' title='bbox 924 769 1073 860; x_wconf 78' lang='lat' dir='ltr'>allisae,</span> <span class='ocrx_word' id='word_1_18' title='bbox 1100 772 1139 850; x_wconf 77' lang='lat' dir='ltr'>u</span> <span class='ocrx_word' id='word_1_19' title='bbox 1160 772 1262 856; x_wconf 81' lang='lat' dir='ltr'>libris</span> <span class='ocrx_word' id='word_1_20' title='bbox 1276 772 1431 855; x_wconf 80' lang='lat' dir='ltr'>musculi</span> <span class='ocrx_word' id='word_1_21' title='bbox 1450 773 1619 856; x_wconf 77' lang='lat' dir='ltr'>frontalis</span> 
     </span>
     <span class='ocr_line' id='line_1_4' title="bbox 189 873 1175 978; baseline -0.002 -20"><span class='ocrx_word' id='word_1_22' title='bbox 189 945 196 958; x_wconf 93' lang='grc'><em>,</em></span> <span class='ocrx_word' id='word_1_23' title='bbox 231 969 234 978; x_wconf 50' lang='grc'><em>,</em></span> <span class='ocrx_word' id='word_1_24' title='bbox 280 878 334 960; x_wconf 75' lang='lat' dir='ltr'>i&amp;</span> <span class='ocrx_word' id='word_1_25' title='bbox 347 873 525 956; x_wconf 72' lang='lat' dir='ltr'>bnatoris</span> <span class='ocrx_word' id='word_1_26' title='bbox 538 873 688 956; x_wconf 84' lang='lat' dir='ltr'>narium</span> <span class='ocrx_word' id='word_1_27' title='bbox 699 875 949 960; x_wconf 82' lang='lat' dir='ltr'>occurrunt&amp;</span> <span class='ocrx_word' id='word_1_28' title='bbox 967 874 1175 960; x_wconf 71' lang='lat' dir='ltr'>reduntur.</span> 
     </span>
    </p>
   </div>
   <div class='ocr_carea' id='block_1_3' title="bbox 282 1183 1620 1592">
    <p class='ocr_par' dir='ltr' id='par_1_3' title="bbox 282 1183 1620 1592">
     <span class='ocr_line' id='line_1_5' title="bbox 446 1183 1620 1288; baseline 0.002 -22"><span class='ocrx_word' id='word_1_29' title='bbox 446 1185 569 1266; x_wconf 84' lang='lat' dir='ltr'>Partis</span> <span class='ocrx_word' id='word_1_30' title='bbox 598 1184 782 1266; x_wconf 88' lang='lat' dir='ltr'>interioris</span> <span class='ocrx_word' id='word_1_31' title='bbox 807 1184 992 1288; x_wconf 78' lang='lat' dir='ltr'>palpebris</span> <span class='ocrx_word' id='word_1_32' title='bbox 1024 1183 1206 1265; x_wconf 72' lang='lat' dir='ltr'>obtusae</span> <span class='ocrx_word' id='word_1_33' title='bbox 1229 1186 1359 1268; x_wconf 80' lang='lat' dir='ltr'>lacerti</span> <span class='ocrx_word' id='word_1_34' title='bbox 1389 1190 1554 1267; x_wconf 82' lang='lat' dir='ltr'>minores</span> <span class='ocrx_word' id='word_1_35' title='bbox 1578 1187 1620 1268; x_wconf 79' lang='lat' dir='ltr'>dt</span> 
     </span>
     <span class='ocr_line' id='line_1_6' title="bbox 282 1288 1620 1390; baseline 0.001 -24"><span class='ocrx_word' id='word_1_36' title='bbox 282 1288 559 1385; x_wconf 67' lang='lat' dir='ltr'>-compadiores</span> <span class='ocrx_word' id='word_1_37' title='bbox 585 1289 688 1378; x_wconf 86' lang='lat' dir='ltr'>lunt,</span> <span class='ocrx_word' id='word_1_38' title='bbox 716 1291 755 1366; x_wconf 90' lang='lat' dir='ltr'>in</span> <span class='ocrx_word' id='word_1_39' title='bbox 771 1313 897 1367; x_wconf 89' lang='lat' dir='ltr'>arcum</span> <span class='ocrx_word' id='word_1_40' title='bbox 927 1289 1109 1366; x_wconf 79' lang='lat' dir='ltr'><strong>minorem</strong></span> <span class='ocrx_word' id='word_1_41' title='bbox 1139 1289 1244 1380; x_wconf 84' lang='lat' dir='ltr'>flexi,</span> <span class='ocrx_word' id='word_1_42' title='bbox 1270 1315 1430 1390; x_wconf 88' lang='lat' dir='ltr'>quorum</span> <span class='ocrx_word' id='word_1_43' title='bbox 1456 1291 1620 1369; x_wconf 86' lang='lat' dir='ltr'>intimio-</span> 
     </span>
     <span class='ocr_line' id='line_1_7' title="bbox 291 1389 1620 1491; baseline -0.002 -21"><span class='ocrx_word' id='word_1_44' title='bbox 291 1389 725 1491; x_wconf 64' lang='lat' dir='ltr'>res,&amp;citiis„pmptoren</span> <span class='ocrx_word' id='word_1_45' title='bbox 739 1393 829 1471; x_wconf 79' lang='lat' dir='ltr'>retii</span> <span class='ocrx_word' id='word_1_46' title='bbox 845 1393 922 1468; x_wconf 88' lang='lat' dir='ltr'>fere</span> <span class='ocrx_word' id='word_1_47' title='bbox 938 1391 1151 1475; x_wconf 87' lang='lat' dir='ltr'>decurrunt,</span> <span class='ocrx_word' id='word_1_48' title='bbox 1167 1393 1230 1490; x_wconf 92' lang='lat' dir='ltr'>qui</span> <span class='ocrx_word' id='word_1_49' title='bbox 1242 1393 1290 1470; x_wconf 81' lang='lat' dir='ltr'>ad</span> <span class='ocrx_word' id='word_1_50' title='bbox 1303 1393 1482 1471; x_wconf 81' lang='lat' dir='ltr'>canthum</span> <span class='ocrx_word' id='word_1_51' title='bbox 1498 1394 1620 1471; x_wconf 88' lang='lat' dir='ltr'>mino·</span> 
     </span>
     <span class='ocr_line' id='line_1_8' title="bbox 292 1493 1618 1592; baseline 0 -20"><span class='ocrx_word' id='word_1_52' title='bbox 292 1515 374 1572; x_wconf 88' lang='lat' dir='ltr'>rem</span> <span class='ocrx_word' id='word_1_53' title='bbox 386 1493 592 1591; x_wconf 77' lang='lat' dir='ltr'>ligamento</span> <span class='ocrx_word' id='word_1_54' title='bbox 605 1495 832 1584; x_wconf 82' lang='lat' dir='ltr'>inseruntur,</span> <span class='ocrx_word' id='word_1_55' title='bbox 859 1493 907 1570; x_wconf 90' lang='lat' dir='ltr'>ad</span> <span class='ocrx_word' id='word_1_56' title='bbox 920 1493 1145 1572; x_wconf 77' lang='lat' dir='ltr'>exteriorem</span> <span class='ocrx_word' id='word_1_57' title='bbox 1158 1507 1287 1571; x_wconf 72' lang='lat' dir='ltr'>acorem</span> <span class='ocrx_word' id='word_1_58' title='bbox 1301 1495 1340 1571; x_wconf 88' lang='lat' dir='ltr'>in</span> <span class='ocrx_word' id='word_1_59' title='bbox 1361 1496 1518 1592; x_wconf 80' lang='lat' dir='ltr'>angulos</span> <span class='ocrx_word' id='word_1_60' title='bbox 1531 1517 1618 1574; x_wconf 81' lang='lat' dir='ltr'>acu·</span> 
     </span>
    </p>
   </div>
   <div class='ocr_carea' id='block_1_4' title="bbox 20 1567 1616 1698">
    <p class='ocr_par' dir='ltr' id='par_1_4' title="bbox 20 1567 1616 1698">
     <span class='ocr_line' id='line_1_9' title="bbox 20 1567 1616 1698; baseline 0 -24"><span class='ocrx_word' id='word_1_61' title='bbox 20 1567 25 1576; x_wconf 36' lang='lat'><strong>¹</strong></span> <span class='ocrx_word' id='word_1_62' title='bbox 131 1669 134 1685; x_wconf 87' lang='grc'>,</span> <span class='ocrx_word' id='word_1_63' title='bbox 280 1606 354 1674; x_wconf 78' lang='lat' dir='ltr'>tor</span> <span class='ocrx_word' id='word_1_64' title='bbox 370 1599 599 1676; x_wconf 87' lang='lat' dir='ltr'>conueniunt</span> <span class='ocrx_word' id='word_1_65' title='bbox 612 1595 738 1676; x_wconf 76' lang='lat' dir='ltr'>&amp;lese</span> <span class='ocrx_word' id='word_1_66' title='bbox 751 1596 949 1674; x_wconf 77' lang='lat' dir='ltr'>decutiant</span> <span class='ocrx_word' id='word_1_67' title='bbox 1001 1595 1125 1696; x_wconf 89' lang='lat' dir='ltr'>Ipsum</span> <span class='ocrx_word' id='word_1_68' title='bbox 1148 1595 1304 1674; x_wconf 87' lang='lat' dir='ltr'><strong>limbum</strong></span> <span class='ocrx_word' id='word_1_69' title='bbox 1325 1599 1515 1698; x_wconf 81' lang='lat' dir='ltr'>utriusque</span> <span class='ocrx_word' id='word_1_70' title='bbox 1538 1595 1616 1696; x_wconf 81' lang='lat' dir='ltr'>pal·</span> 
     </span>
    </p>
   </div>
   <div class='ocr_carea' id='block_1_5' title="bbox 278 1697 1715 2302">
    <p class='ocr_par' dir='ltr' id='par_1_5' title="bbox 278 1697 1715 2302">
     <span class='ocr_line' id='line_1_10' title="bbox 280 1697 1615 1798; baseline 0.003 -26"><span class='ocrx_word' id='word_1_71' title='bbox 280 1697 428 1797; x_wconf 65' lang='lat' dir='ltr'>pebrac</span> <span class='ocrx_word' id='word_1_72' title='bbox 438 1699 588 1778; x_wconf 87' lang='lat' dir='ltr'>inuestit</span> <span class='ocrx_word' id='word_1_73' title='bbox 599 1698 793 1782; x_wconf 81' lang='lat' dir='ltr'>fasciculus</span> <span class='ocrx_word' id='word_1_74' title='bbox 812 1700 1010 1790; x_wconf 84' lang='lat' dir='ltr'>robustior,</span> <span class='ocrx_word' id='word_1_75' title='bbox 1038 1722 1085 1774; x_wconf 82' lang='lat' dir='ltr'>err</span> <span class='ocrx_word' id='word_1_76' title='bbox 1107 1697 1209 1776; x_wconf 78' lang='lat' dir='ltr'>libris</span> <span class='ocrx_word' id='word_1_77' title='bbox 1232 1698 1444 1776; x_wconf 73' lang='lat' dir='ltr'>raffionbus</span> <span class='ocrx_word' id='word_1_78' title='bbox 1464 1719 1615 1798; x_wconf 86' lang='lat' dir='ltr'>compo-</span> 
     </span>
     <span class='ocr_line' id='line_1_11' title="bbox 278 1795 1710 1902; baseline 0.001 -26"><span class='ocrx_word' id='word_1_79' title='bbox 278 1795 397 1888; x_wconf 73' lang='lat' dir='ltr'>titur,</span> <span class='ocrx_word' id='word_1_80' title='bbox 423 1800 627 1899; x_wconf 77' lang='lat' dir='ltr'><strong>cartilagini</strong></span> <span class='ocrx_word' id='word_1_81' title='bbox 642 1799 937 1880; x_wconf 80' lang='lat' dir='ltr'>tarsoarstissime</span> <span class='ocrx_word' id='word_1_82' title='bbox 952 1823 1139 1888; x_wconf 86' lang='lat' dir='ltr'>annexus,</span> <span class='ocrx_word' id='word_1_83' title='bbox 1166 1801 1231 1902; x_wconf 86' lang='lat' dir='ltr'>qui</span> <span class='ocrx_word' id='word_1_84' title='bbox 1245 1801 1373 1879; x_wconf 88' lang='lat' dir='ltr'>multis</span> <span class='ocrx_word' id='word_1_85' title='bbox 1386 1802 1533 1902; x_wconf 85' lang='lat' dir='ltr'>proprio</span> <span class='ocrx_word' id='word_1_86' title='bbox 1546 1823 1615 1877; x_wconf 89' lang='lat' dir='ltr'>no·</span> <span class='ocrx_word' id='word_1_87' title='bbox 1704 1823 1710 1842; x_wconf 89' lang='lat'><em>·</em></span> 
     </span>
     <span class='ocr_line' id='line_1_12' title="bbox 289 1899 1614 1986; baseline 0 -6"><span class='ocrx_word' id='word_1_88' title='bbox 289 1899 600 1986; x_wconf 77' lang='lat' dir='ltr'>minetuuloulus</span> <span class='ocrx_word' id='word_1_89' title='bbox 608 1904 743 1980; x_wconf 84' lang='lat' dir='ltr'>ciliaris</span> <span class='ocrx_word' id='word_1_90' title='bbox 757 1904 901 1983; x_wconf 85' lang='lat' dir='ltr'>dicimr.</span> <span class='ocrx_word' id='word_1_91' title='bbox 933 1903 1043 1980; x_wconf 83' lang='lat' dir='ltr'>Hanc</span> <span class='ocrx_word' id='word_1_92' title='bbox 1061 1900 1280 1980; x_wconf 72' lang='lat' dir='ltr'>diuisionem</span> <span class='ocrx_word' id='word_1_93' title='bbox 1294 1903 1372 1982; x_wconf 85' lang='lat' dir='ltr'>iam</span> <span class='ocrx_word' id='word_1_94' title='bbox 1381 1903 1511 1980; x_wconf 86' lang='lat' dir='ltr'>habuit</span> <span class='ocrx_word' id='word_1_95' title='bbox 1524 1902 1614 1980; x_wconf 88' lang='lat' dir='ltr'>olim</span> 
     </span>
     <span class='ocr_line' id='line_1_13' title="bbox 288 1999 1614 2107; baseline -0.001 -27"><span class='ocrx_word' id='word_1_96' title='bbox 288 2003 534 2082; x_wconf 77' lang='lat' dir='ltr'>Rronsrtus</span> <span class='ocrx_word' id='word_1_97' title='bbox 551 2003 606 2096; x_wconf 76' lang='lat' dir='ltr'>(t)</span> <span class='ocrx_word' id='word_1_98' title='bbox 632 2003 885 2082; x_wconf 83' lang='lat' dir='ltr'>conseruatnm</span> <span class='ocrx_word' id='word_1_99' title='bbox 907 2004 953 2082; x_wconf 87' lang='lat' dir='ltr'>ab</span> <span class='ocrx_word' id='word_1_100' title='bbox 973 2003 1160 2081; x_wconf 81' lang='lat' dir='ltr'>Annruo</span> <span class='ocrx_word' id='word_1_101' title='bbox 1180 1999 1240 2099; x_wconf 85' lang='lat' dir='ltr'>(l)</span> <span class='ocrx_word' id='word_1_102' title='bbox 1264 2003 1439 2107; x_wconf 67' lang='lat' dir='ltr'>aliamue,</span> <span class='ocrx_word' id='word_1_103' title='bbox 1463 2005 1614 2084; x_wconf 81' lang='lat' dir='ltr'>Wrus-</span> 
     </span>
     <span class='ocr_line' id='line_1_14' title="bbox 280 2103 1715 2210; baseline 0.001 -26"><span class='ocrx_word' id='word_1_104' title='bbox 280 2125 456 2184; x_wconf 63' lang='lat' dir='ltr'>motuve</span> <span class='ocrx_word' id='word_1_105' title='bbox 472 2103 550 2201; x_wconf 82' lang='lat' dir='ltr'>(m)</span> <span class='ocrx_word' id='word_1_106' title='bbox 576 2117 704 2181; x_wconf 80' lang='lat' dir='ltr'>eutem</span> <span class='ocrx_word' id='word_1_107' title='bbox 721 2105 761 2180; x_wconf 92' lang='lat' dir='ltr'>in</span> <span class='ocrx_word' id='word_1_108' title='bbox 775 2103 1134 2203; x_wconf 81' lang='lat' dir='ltr'>quatuor-musculos</span> <span class='ocrx_word' id='word_1_109' title='bbox 1149 2104 1292 2184; x_wconf 85' lang='lat' dir='ltr'>diuidit.</span> <span class='ocrx_word' id='word_1_110' title='bbox 1371 2109 1503 2190; x_wconf 65' lang='lat' dir='ltr'>mones</span> <span class='ocrx_word' id='word_1_111' title='bbox 1516 2106 1613 2210; x_wconf 82' lang='lat' dir='ltr'>npti-</span> <span class='ocrx_word' id='word_1_112' title='bbox 1708 2195 1715 2204; x_wconf 53' lang='grc'><strong><em>,</em></strong></span> 
     </span>
     <span class='ocr_line' id='line_1_15' title="bbox 287 2203 1321 2302; baseline -0.002 -14"><span class='ocrx_word' id='word_1_113' title='bbox 287 2221 376 2296; x_wconf 73' lang='lat' dir='ltr'>mue</span> <span class='ocrx_word' id='word_1_114' title='bbox 390 2203 477 2288; x_wconf 85' lang='lat' dir='ltr'>lunt</span> <span class='ocrx_word' id='word_1_115' title='bbox 489 2203 761 2290; x_wconf 79' lang='lat' dir='ltr'>Saurourur</span> <span class='ocrx_word' id='word_1_116' title='bbox 770 2253 787 2302; x_wconf 86' lang='lat'><em>,</em></span> <span class='ocrx_word' id='word_1_117' title='bbox 812 2207 1102 2302; x_wconf 80' lang='lat' dir='ltr'>Wacrrraar,</span> <span class='ocrx_word' id='word_1_118' title='bbox 1125 2203 1321 2290; x_wconf 74' lang='lat' dir='ltr'>Auaron.</span> 
     </span>
    </p>
   </div>
   <div class='ocr_carea' id='block_1_6' title="bbox 867 2479 1054 2590">
    <p class='ocr_par' dir='ltr' id='par_1_6' title="bbox 867 2479 1054 2590">
     <span class='ocr_line' id='line_1_16' title="bbox 867 2479 1054 2590; baseline 0 0"><span class='ocrx_word' id='word_1_119' title='bbox 867 2481 900 2590; x_wconf 79' lang='lat' dir='ltr'>l</span> <span class='ocrx_word' id='word_1_120' title='bbox 963 2479 1054 2566; x_wconf 75' lang='lat' dir='ltr'>nt·</span> 
     </span>
    </p>
   </div>
   <div class='ocr_carea' id='block_1_7' title="bbox 420 2581 1546 2836">
    <p class='ocr_par' dir='ltr' id='par_1_7' title="bbox 420 2581 1546 2836">
     <span class='ocr_line' id='line_1_17' title="bbox 420 2581 1546 2836; baseline -0.001 -112"><span class='ocrx_word' id='word_1_121' title='bbox 420 2581 643 2725; x_wconf 71' lang='lat' dir='ltr'>orntum</span> <span class='ocrx_word' id='word_1_122' title='bbox 658 2625 846 2752; x_wconf 75' lang='lat' dir='ltr'>seducent</span> <span class='ocrx_word' id='word_1_123' title='bbox 865 2619 1498 2836; x_wconf 50' lang='lat' dir='ltr'>pppblppebrurumslllriioniuuae&#39;</span> <span class='ocrx_word' id='word_1_124' title='bbox 1542 2749 1546 2758; x_wconf 21' lang='grc' dir='ltr'>ι</span> 
     </span>
    </p>
   </div>
   <div class='ocr_carea' id='block_1_8' title="bbox 279 2903 1706 3622">
    <p class='ocr_par' dir='ltr' id='par_1_8' title="bbox 279 2903 1706 3622">
     <span class='ocr_line' id='line_1_18' title="bbox 342 2903 1610 3011; baseline -0.008 -22"><span class='ocrx_word' id='word_1_125' title='bbox 342 2925 348 2932; x_wconf 86' lang='grc'><strong><em>’</em></strong></span> <span class='ocrx_word' id='word_1_126' title='bbox 441 2907 507 2990; x_wconf 81' lang='lat' dir='ltr'>&#39;Ad</span> <span class='ocrx_word' id='word_1_127' title='bbox 521 2907 714 3011; x_wconf 77' lang='lat' dir='ltr'>palpebras</span> <span class='ocrx_word' id='word_1_128' title='bbox 734 2905 857 2984; x_wconf 82' lang='lat' dir='ltr'>adhuc</span> <span class='ocrx_word' id='word_1_129' title='bbox 875 2904 1065 3003; x_wconf 83' lang='lat' dir='ltr'>pertinent</span> <span class='ocrx_word' id='word_1_130' title='bbox 1087 2903 1286 3002; x_wconf 79' lang='lat' dir='ltr'>glandulae</span> <span class='ocrx_word' id='word_1_131' title='bbox 1308 2906 1358 2984; x_wconf 89' lang='lat' dir='ltr'>tic</span> <span class='ocrx_word' id='word_1_132' title='bbox 1376 2909 1496 3000; x_wconf 72' lang='lat' dir='ltr'>dure</span> <span class='ocrx_word' id='word_1_133' title='bbox 1514 2914 1610 2999; x_wconf 55' lang='lat' dir='ltr'>treta</span> 
     </span>
     <span class='ocr_line' id='line_1_19' title="bbox 285 3005 1607 3110; baseline -0.002 -9"><span class='ocrx_word' id='word_1_134' title='bbox 285 3011 503 3100; x_wconf 80' lang='lat' dir='ltr'>ltomlanae,</span> <span class='ocrx_word' id='word_1_135' title='bbox 530 3009 680 3110; x_wconf 88' lang='lat' dir='ltr'>quaein</span> <span class='ocrx_word' id='word_1_136' title='bbox 697 3007 804 3086; x_wconf 84' lang='lat' dir='ltr'>sulcis</span> <span class='ocrx_word' id='word_1_137' title='bbox 824 3006 932 3084; x_wconf 84' lang='lat' dir='ltr'>faciei</span> <span class='ocrx_word' id='word_1_138' title='bbox 954 3005 1141 3105; x_wconf 87' lang='lat' dir='ltr'>posteriori</span> <span class='ocrx_word' id='word_1_139' title='bbox 1162 3009 1418 3107; x_wconf 80' lang='lat' dir='ltr'>cartilaginum</span> <span class='ocrx_word' id='word_1_140' title='bbox 1442 3015 1525 3096; x_wconf 90' lang='lat' dir='ltr'>tarli</span> <span class='ocrx_word' id='word_1_141' title='bbox 1549 3021 1607 3098; x_wconf 83' lang='lat' dir='ltr'>in·</span> 
     </span>
     <span class='ocr_line' id='line_1_20' title="bbox 287 3105 1706 3219; baseline 0.006 -23.989"><span class='ocrx_word' id='word_1_142' title='bbox 287 3118 437 3219; x_wconf 75' lang='lat' dir='ltr'>sculptis</span> <span class='ocrx_word' id='word_1_143' title='bbox 452 3112 640 3213; x_wconf 74' lang='lat' dir='ltr'>dispositae</span> <span class='ocrx_word' id='word_1_144' title='bbox 655 3108 749 3190; x_wconf 75' lang='lat' dir='ltr'>sunt</span> <span class='ocrx_word' id='word_1_145' title='bbox 800 3105 1017 3190; x_wconf 84' lang='lat' dir='ltr'>Glandulnlr</span> <span class='ocrx_word' id='word_1_146' title='bbox 1034 3105 1119 3182; x_wconf 88' lang='lat' dir='ltr'>lunt</span> <span class='ocrx_word' id='word_1_147' title='bbox 1133 3108 1287 3206; x_wconf 86' lang='lat' dir='ltr'>plexus,</span> <span class='ocrx_word' id='word_1_148' title='bbox 1312 3109 1513 3198; x_wconf 87' lang='lat' dir='ltr'>secundum</span> <span class='ocrx_word' id='word_1_149' title='bbox 1526 3122 1608 3206; x_wconf 87' lang='lat' dir='ltr'>lon·</span> <span class='ocrx_word' id='word_1_150' title='bbox 1695 3189 1706 3200; x_wconf 92' lang='lat'><strong><em>.</em></strong></span> 
     </span>
     <span class='ocr_line' id='line_1_21' title="bbox 279 3206 1624 3324; baseline 0.004 -26"><span class='ocrx_word' id='word_1_151' title='bbox 279 3219 497 3324; x_wconf 68' lang='lat' dir='ltr'>,gitudinem</span> <span class='ocrx_word' id='word_1_152' title='bbox 523 3213 617 3294; x_wconf 87' lang='lat' dir='ltr'>tarso</span> <span class='ocrx_word' id='word_1_153' title='bbox 647 3209 855 3293; x_wconf 84' lang='lat' dir='ltr'>transuerso</span> <span class='ocrx_word' id='word_1_154' title='bbox 880 3208 1015 3298; x_wconf 84' lang='lat' dir='ltr'>irmati,</span> <span class='ocrx_word' id='word_1_155' title='bbox 1056 3206 1122 3286; x_wconf 79' lang='lat' dir='ltr'>etit</span> <span class='ocrx_word' id='word_1_156' title='bbox 1148 3233 1225 3288; x_wconf 84' lang='lat' dir='ltr'>non</span> <span class='ocrx_word' id='word_1_157' title='bbox 1260 3235 1416 3296; x_wconf 88' lang='lat' dir='ltr'>omnem</span> <span class='ocrx_word' id='word_1_158' title='bbox 1448 3222 1624 3320; x_wconf 85' lang='lat' dir='ltr'>tarsum,-</span> 
     </span>
     <span class='ocr_line' id='line_1_22' title="bbox 281 3309 1608 3426; baseline -0.003 -24"><span class='ocrx_word' id='word_1_159' title='bbox 281 3327 404 3426; x_wconf 47' lang='lat' dir='ltr'>,qoam</span> <span class='ocrx_word' id='word_1_160' title='bbox 421 3324 498 3402; x_wconf 87' lang='lat' dir='ltr'>late</span> <span class='ocrx_word' id='word_1_161' title='bbox 524 3317 596 3406; x_wconf 84' lang='lat' dir='ltr'>eli,</span> <span class='ocrx_word' id='word_1_162' title='bbox 623 3326 826 3412; x_wconf 90' lang='lat' dir='ltr'>occupant,</span> <span class='ocrx_word' id='word_1_163' title='bbox 855 3313 960 3390; x_wconf 87' lang='lat' dir='ltr'>cuius</span> <span class='ocrx_word' id='word_1_164' title='bbox 988 3333 1073 3410; x_wconf 86' lang='lat' dir='ltr'>pars</span> <span class='ocrx_word' id='word_1_165' title='bbox 1100 3309 1261 3409; x_wconf 78' lang='lat' dir='ltr'>superior</span> <span class='ocrx_word' id='word_1_166' title='bbox 1288 3315 1362 3394; x_wconf 86' lang='lat' dir='ltr'>illis</span> <span class='ocrx_word' id='word_1_167' title='bbox 1388 3319 1608 3426; x_wconf 75' lang='lat' dir='ltr'>plerumque</span> 
     </span>
     <span class='ocr_line' id='line_1_23' title="bbox 287 3413 1609 3519; baseline 0.001 -12"><span class='ocrx_word' id='word_1_168' title='bbox 287 3431 405 3506; x_wconf 85' lang='lat' dir='ltr'>libera</span> <span class='ocrx_word' id='word_1_169' title='bbox 420 3425 483 3502; x_wconf 87' lang='lat' dir='ltr'>est.</span> <span class='ocrx_word' id='word_1_170' title='bbox 536 3413 737 3517; x_wconf 85' lang='lat' dir='ltr'>Compofiti</span> <span class='ocrx_word' id='word_1_171' title='bbox 752 3415 837 3494; x_wconf 86' lang='lat' dir='ltr'>lunt</span> <span class='ocrx_word' id='word_1_172' title='bbox 850 3439 897 3492; x_wconf 83' lang='lat' dir='ltr'>cx</span> <span class='ocrx_word' id='word_1_173' title='bbox 914 3414 1080 3513; x_wconf 86' lang='lat' dir='ltr'>plurimis</span> <span class='ocrx_word' id='word_1_174' title='bbox 1090 3413 1262 3492; x_wconf 81' lang='lat' dir='ltr'>folliculis</span> <span class='ocrx_word' id='word_1_175' title='bbox 1275 3415 1455 3519; x_wconf 79' lang='lat' dir='ltr'>schaccis,</span> <span class='ocrx_word' id='word_1_176' title='bbox 1480 3441 1609 3508; x_wconf 88' lang='lat' dir='ltr'>rotun-</span> 
     </span>
     <span class='ocr_line' id='line_1_24' title="bbox 284 3514 1608 3622; baseline 0.005 -18"><span class='ocrx_word' id='word_1_177' title='bbox 284 3531 365 3620; x_wconf 78' lang='lat' dir='ltr'>dis,</span> <span class='ocrx_word' id='word_1_178' title='bbox 393 3524 551 3622; x_wconf 81' lang='lat' dir='ltr'>exiguis,</span> <span class='ocrx_word' id='word_1_179' title='bbox 585 3520 677 3600; x_wconf 84' lang='lat' dir='ltr'>serie</span> <span class='ocrx_word' id='word_1_180' title='bbox 705 3519 843 3618; x_wconf 80' lang='lat' dir='ltr'>duplici</span> <span class='ocrx_word' id='word_1_181' title='bbox 863 3517 924 3595; x_wconf 87' lang='lat' dir='ltr'>vel</span> <span class='ocrx_word' id='word_1_182' title='bbox 949 3515 1081 3614; x_wconf 87' lang='lat' dir='ltr'>triplici</span> <span class='ocrx_word' id='word_1_183' title='bbox 1108 3514 1310 3596; x_wconf 83' lang='lat' dir='ltr'>secundum</span> <span class='ocrx_word' id='word_1_184' title='bbox 1335 3522 1608 3622; x_wconf 85' lang='lat' dir='ltr'>longitudinem</span> 
     </span>
    </p>
   </div>
   <div class='ocr_carea' id='block_1_9' title="bbox 37 3616 1612 3720">
    <p class='ocr_par' dir='ltr' id='par_1_9' title="bbox 37 3616 1612 3720">
     <span class='ocr_line' id='line_1_25' title="bbox 37 3616 1612 3720; baseline -0.015 4"><span class='ocrx_word' id='word_1_185' title='bbox 37 3649 41 3659; x_wconf 89' lang='lat'><em>&#39;</em></span> <span class='ocrx_word' id='word_1_186' title='bbox 156 3661 162 3668; x_wconf 89' lang='lat'>·</span> <span class='ocrx_word' id='word_1_187' title='bbox 291 3631 414 3712; x_wconf 78' lang='lat' dir='ltr'>canat</span> <span class='ocrx_word' id='word_1_188' title='bbox 426 3623 648 3707; x_wconf 85' lang='lat' dir='ltr'>intermedio</span> <span class='ocrx_word' id='word_1_189' title='bbox 662 3623 826 3710; x_wconf 80' lang='lat' dir='ltr'>adeatis,</span> <span class='ocrx_word' id='word_1_190' title='bbox 860 3621 900 3698; x_wconf 90' lang='lat' dir='ltr'>in</span> <span class='ocrx_word' id='word_1_191' title='bbox 922 3640 1036 3720; x_wconf 88' lang='lat' dir='ltr'>quem</span> <span class='ocrx_word' id='word_1_192' title='bbox 1058 3616 1185 3696; x_wconf 88' lang='lat' dir='ltr'>sebum</span> <span class='ocrx_word' id='word_1_193' title='bbox 1210 3617 1394 3702; x_wconf 83' lang='lat' dir='ltr'>secretum</span> <span class='ocrx_word' id='word_1_194' title='bbox 1418 3630 1531 3712; x_wconf 87' lang='lat' dir='ltr'>edere</span> <span class='ocrx_word' id='word_1_195' title='bbox 1556 3637 1612 3716; x_wconf 83' lang='lat' dir='ltr'>vi.</span> 
     </span>
    </p>
   </div>
   <div class='ocr_carea' id='block_1_10' title="bbox 288 3720 1610 3824">
    <p class='ocr_par' dir='ltr' id='par_1_10' title="bbox 288 3720 1610 3824">
     <span class='ocr_line' id='line_1_26' title="bbox 288 3720 1610 3824; baseline -0.003 -9"><span class='ocrx_word' id='word_1_196' title='bbox 288 3739 438 3816; x_wconf 86' lang='lat' dir='ltr'>dentur.</span> <span class='ocrx_word' id='word_1_197' title='bbox 488 3725 701 3810; x_wconf 84' lang='lat' dir='ltr'>Fatendum</span> <span class='ocrx_word' id='word_1_198' title='bbox 713 3736 842 3820; x_wconf 76' lang='lat' dir='ltr'>tamen</span> <span class='ocrx_word' id='word_1_199' title='bbox 856 3721 924 3810; x_wconf 85' lang='lat' dir='ltr'>ast,</span> <span class='ocrx_word' id='word_1_200' title='bbox 951 3720 1043 3798; x_wconf 81' lang='lat' dir='ltr'>nihi</span> <span class='ocrx_word' id='word_1_201' title='bbox 1056 3743 1248 3821; x_wconf 84' lang='lat' dir='ltr'>nunquam</span> <span class='ocrx_word' id='word_1_202' title='bbox 1266 3723 1418 3824; x_wconf 78' lang='lat' dir='ltr'>duttupr</span> <span class='ocrx_word' id='word_1_203' title='bbox 1441 3755 1610 3816; x_wconf 84' lang='lat' dir='ltr'>commn-</span> 
     </span>
    </p>
   </div>
   <div class='ocr_carea' id='block_1_11' title="bbox 147 3824 1611 3937">
    <p class='ocr_par' dir='ltr' id='par_1_11' title="bbox 147 3824 1611 3937">
     <span class='ocr_line' id='line_1_27' title="bbox 147 3824 1611 3937; baseline 0.008 -30"><span class='ocrx_word' id='word_1_204' title='bbox 147 3841 153 3858; x_wconf 89' lang='lat'><em>&#39;</em></span> <span class='ocrx_word' id='word_1_205' title='bbox 280 3861 395 3924; x_wconf 85' lang='lat' dir='ltr'>nem,</span> <span class='ocrx_word' id='word_1_206' title='bbox 425 3838 464 3912; x_wconf 92' lang='lat' dir='ltr'>in</span> <span class='ocrx_word' id='word_1_207' title='bbox 490 3853 604 3932; x_wconf 87' lang='lat' dir='ltr'>quem</span> <span class='ocrx_word' id='word_1_208' title='bbox 628 3850 761 3906; x_wconf 86' lang='lat' dir='ltr'>omnes</span> <span class='ocrx_word' id='word_1_209' title='bbox 790 3824 942 3904; x_wconf 84' lang='lat' dir='ltr'>folliculi</span> <span class='ocrx_word' id='word_1_210' title='bbox 968 3824 1229 3913; x_wconf 83' lang='lat' dir='ltr'>conuenirent,</span> <span class='ocrx_word' id='word_1_211' title='bbox 1256 3825 1374 3908; x_wconf 78' lang='lat' dir='ltr'>visum</span> <span class='ocrx_word' id='word_1_212' title='bbox 1396 3832 1522 3926; x_wconf 81' lang='lat' dir='ltr'>inille,</span> <span class='ocrx_word' id='word_1_213' title='bbox 1545 3842 1611 3937; x_wconf 89' lang='lat' dir='ltr'>qul</span> 
     </span>
    </p>
   </div>
   <div class='ocr_carea' id='block_1_12' title="bbox 282 3923 1612 4140">
    <p class='ocr_par' dir='ltr' id='par_1_12' title="bbox 282 3923 1612 4140">
     <span class='ocr_line' id='line_1_28' title="bbox 282 3923 1612 4140; baseline -0.007 -116"><span class='ocrx_word' id='word_1_214' title='bbox 282 3934 572 4024; x_wconf 65' lang='lat' dir='ltr'>detentionis</span> <span class='ocrx_word' id='word_1_215' title='bbox 589 3929 818 4010; x_wconf 81' lang='lat' dir='ltr'>tettusinter</span> <span class='ocrx_word' id='word_1_216' title='bbox 831 3929 916 4012; x_wconf 83' lang='lat' dir='ltr'>utos</span> <span class='ocrx_word' id='word_1_217' title='bbox 933 3923 1124 4012; x_wconf 78' lang='lat' dir='ltr'>&amp;nrum</span> <span class='ocrx_word' id='word_1_218' title='bbox 1137 3927 1296 4018; x_wconf 83' lang='lat' dir='ltr'>incedit,</span> <span class='ocrx_word' id='word_1_219' title='bbox 1333 3931 1476 4014; x_wconf 82' lang='lat' dir='ltr'>ulfiille</span> <span class='ocrx_word' id='word_1_220' title='bbox 1500 3940 1612 4140; x_wconf 54' lang='lat' dir='ltr'>pilapp</span> 
     </span>
     <span class='ocr_line' id='line_1_29' title="bbox 1534 4067 1579 4122; baseline -0.089 0"><span class='ocrx_word' id='word_1_221' title='bbox 1534 4067 1554 4122; x_wconf 87' lang='lat' dir='ltr'>e</span> <span class='ocrx_word' id='word_1_222' title='bbox 1569 4067 1579 4118; x_wconf 85' lang='lat' dir='ltr'>r</span> 
     </span>
    </p>
   </div>
   <div class='ocr_carea' id='block_1_13' title="bbox 284 4229 1488 4497">
    <p class='ocr_par' dir='ltr' id='par_1_13' title="bbox 284 4225 1488 4497">
     <span class='ocr_line' id='line_1_30' title="bbox 284 4229 1488 4413; baseline -0.007 -22"><span class='ocrx_word' id='word_1_223' title='bbox 284 4233 381 4412; x_wconf 76' lang='lat' dir='ltr'><strong>n</strong></span> <span class='ocrx_word' id='word_1_224' title='bbox 400 4235 700 4413; x_wconf 73' lang='lat' dir='ltr'>tttuftt</span> <span class='ocrx_word' id='word_1_225' title='bbox 996 4229 1090 4402; x_wconf 73' lang='lat' dir='ltr'>u</span> <span class='ocrx_word' id='word_1_226' title='bbox 1117 4231 1173 4304; x_wconf 51' lang='grc' dir='ltr'>π·</span> <span class='ocrx_word' id='word_1_227' title='bbox 1369 4233 1400 4374; x_wconf 64' lang='lat' dir='ltr'>r.</span> <span class='ocrx_word' id='word_1_228' title='bbox 1414 4255 1488 4322; x_wconf 43' lang='grc' dir='ltr'>εν·</span> 
     </span>
     <span class='ocr_line' id='line_1_31' title="bbox 402 4415 1175 4497; baseline 0 -1"><span class='ocrx_word' id='word_1_229' title='bbox 402 4419 407 4437; x_wconf 82' lang='lat'>&#39;</span> <span class='ocrx_word' id='word_1_230' title='bbox 501 4443 508 4453; x_wconf 94' lang='lat'><strong>·</strong></span> <span class='ocrx_word' id='word_1_231' title='bbox 583 4422 587 4434; x_wconf 65' lang='lat'><strong><em>⁴</em></strong></span> <span class='ocrx_word' id='word_1_232' title='bbox 705 4439 710 4450; x_wconf 58' lang='lat'><em>⁴</em></span> <span class='ocrx_word' id='word_1_233' title='bbox 975 4418 979 4427; x_wconf 85' lang='lat'>&#39;</span> <span class='ocrx_word' id='word_1_234' title='bbox 1070 4415 1175 4497; x_wconf 71' lang='lat' dir='ltr'>Fra</span> 
     </span>
    </p>
   </div>
   <div class='ocr_carea' id='block_1_14' title="bbox 0 0 2036 5260">
    <p class='ocr_par' dir='ltr' id='par_1_14' title="bbox 0 0 2036 5260">
     <span class='ocr_line' id='line_1_32' title="bbox 0 0 2036 5260; baseline 0 2"><span class='ocrx_word' id='word_1_235' title='bbox 0 0 2036 5260; x_wconf 95' lang='lat' dir='ltr'> </span> 
     </span>
    </p>
   </div>
  </div>
 </body>
</html>
