<?xml version="1.0" encoding="UTF-8"?>
<!DOCTYPE html PUBLIC "-//W3C//DTD XHTML 1.0 Transitional//EN"
    "http://www.w3.org/TR/xhtml1/DTD/xhtml1-transitional.dtd">
<html xmlns="http://www.w3.org/1999/xhtml" xml:lang="en" lang="en">
 <head>
  <title>
</title>
<meta http-equiv="Content-Type" content="text/html;charset=utf-8" />
  <meta name='ocr-system' content='tesseract 3.04.00' />
  <meta name='ocr-capabilities' content='ocr_page ocr_carea ocr_par ocr_line ocrx_word'/>
</head>
<body>
  <div class='ocr_page' id='page_1' title='image "./iohannisgottfri00zinngoog_0118.png"; bbox 0 0 4094 5262; ppageno 0'>
   <div class='ocr_carea' id='block_1_1' title="bbox 576 421 1635 531">
    <p class='ocr_par' dir='ltr' id='par_1_1' title="bbox 576 421 1635 531">
     <span class='ocr_line' id='line_1_1' title="bbox 576 421 1635 531; baseline -0.011 -42"><span class='ocrx_word' id='word_1_1' title='bbox 576 432 769 531; x_wconf 63' lang='lat' dir='ltr'>cmlii.</span> <span class='ocrx_word' id='word_1_2' title='bbox 806 431 866 486; x_wconf 72' lang='lat' dir='ltr'>DE</span> <span class='ocrx_word' id='word_1_3' title='bbox 884 428 1063 487; x_wconf 74' lang='lat' dir='ltr'>&#39;rvuicii</span> <span class='ocrx_word' id='word_1_4' title='bbox 1083 427 1276 488; x_wconf 71' lang='lat' dir='ltr'><strong>RETIM·</strong></span> <span class='ocrx_word' id='word_1_5' title='bbox 1537 421 1588 518; x_wconf 64' lang='lat'>&#39;97</span> <span class='ocrx_word' id='word_1_6' title='bbox 1631 497 1635 505; x_wconf 32' lang='grc' dir='ltr'><strong><em>Ι</em></strong></span> 
     </span>
    </p>
   </div>
   <div class='ocr_carea' id='block_1_2' title="bbox 184 611 1586 1432">
    <p class='ocr_par' dir='ltr' id='par_1_2' title="bbox 184 611 1586 1432">
     <span class='ocr_line' id='line_1_2' title="bbox 273 611 1586 717; baseline -0.004 -16"><span class='ocrx_word' id='word_1_7' title='bbox 273 631 337 701; x_wconf 80' lang='lat' dir='ltr'>lui</span> <span class='ocrx_word' id='word_1_8' title='bbox 353 618 421 716; x_wconf 88' lang='lat' dir='ltr'><em>(c).</em></span> <span class='ocrx_word' id='word_1_9' title='bbox 472 619 606 717; x_wconf 82' lang='lat' dir='ltr'>Neque</span> <span class='ocrx_word' id='word_1_10' title='bbox 623 615 731 692; x_wconf 79' lang='lat' dir='ltr'>facile</span> <span class='ocrx_word' id='word_1_11' title='bbox 755 613 941 714; x_wconf 85' lang='lat' dir='ltr'>quendam</span> <span class='ocrx_word' id='word_1_12' title='bbox 962 613 1153 703; x_wconf 85' lang='lat' dir='ltr'>inuenies,</span> <span class='ocrx_word' id='word_1_13' title='bbox 1166 612 1311 715; x_wconf 82' lang='lat' dir='ltr'>&#39;qui-de</span> <span class='ocrx_word' id='word_1_14' title='bbox 1335 611 1475 713; x_wconf 84' lang='lat' dir='ltr'>origiue</span> <span class='ocrx_word' id='word_1_15' title='bbox 1494 617 1586 696; x_wconf 84' lang='lat' dir='ltr'>reti·&#39;</span> 
     </span>
     <span class='ocr_line' id='line_1_3' title="bbox 273 715 1581 810; baseline -0.004 -9"><span class='ocrx_word' id='word_1_16' title='bbox 273 745 346 801; x_wconf 87' lang='lat' dir='ltr'>nae</span> <span class='ocrx_word' id='word_1_17' title='bbox 360 749 384 798; x_wconf 87' lang='lat' dir='ltr'>a</span> <span class='ocrx_word' id='word_1_18' title='bbox 399 721 591 798; x_wconf 81' lang='lat' dir='ltr'>substantia</span> <span class='ocrx_word' id='word_1_19' title='bbox 608 719 802 796; x_wconf 89' lang='lat' dir='ltr'>medullari</span> <span class='ocrx_word' id='word_1_20' title='bbox 817 715 922 791; x_wconf 90' lang='lat' dir='ltr'>nerui</span> <span class='ocrx_word' id='word_1_21' title='bbox 946 715 1058 810; x_wconf 88' lang='lat' dir='ltr'>optici</span> <span class='ocrx_word' id='word_1_22' title='bbox 1076 716 1368 804; x_wconf 64' lang='lat' dir='ltr'>delirruerint</span> <span class='ocrx_word' id='word_1_23' title='bbox 1388 743 1410 794; x_wconf 86' lang='lat' dir='ltr'>a</span> <span class='ocrx_word' id='word_1_24' title='bbox 1433 721 1581 800; x_wconf 82' lang='lat' dir='ltr'>Wins-</span> 
     </span>
     <span class='ocr_line' id='line_1_4' title="bbox 275 817 1580 920; baseline -0.004 -16"><span class='ocrx_word' id='word_1_25' title='bbox 275 851 410 904; x_wconf 77' lang='lat' dir='ltr'>oowo</span> <span class='ocrx_word' id='word_1_26' title='bbox 428 823 505 920; x_wconf 84' lang='lat' dir='ltr'>(d)</span> <span class='ocrx_word' id='word_1_27' title='bbox 532 820 745 904; x_wconf 85' lang='lat' dir='ltr'>discesseris,</span> <span class='ocrx_word' id='word_1_28' title='bbox 773 820 836 918; x_wconf 92' lang='lat' dir='ltr'>qui</span> <span class='ocrx_word' id='word_1_29' title='bbox 857 817 1052 894; x_wconf 82' lang='lat' dir='ltr'><strong>recentiori</strong></span> <span class='ocrx_word' id='word_1_30' title='bbox 1075 829 1242 915; x_wconf 85' lang='lat' dir='ltr'>ternpore</span> <span class='ocrx_word' id='word_1_31' title='bbox 1263 833 1387 895; x_wconf 87' lang='lat' dir='ltr'>ortum</span> <span class='ocrx_word' id='word_1_32' title='bbox 1408 819 1513 896; x_wconf 88' lang='lat' dir='ltr'>illum</span> <span class='ocrx_word' id='word_1_33' title='bbox 1540 825 1580 902; x_wconf 90' lang='lat' dir='ltr'>in</span> 
     </span>
     <span class='ocr_line' id='line_1_5' title="bbox 268 919 1577 1020; baseline -0.003 -16"><span class='ocrx_word' id='word_1_34' title='bbox 268 928 427 1004; x_wconf 84' lang='lat' dir='ltr'>dubium</span> <span class='ocrx_word' id='word_1_35' title='bbox 442 923 609 1010; x_wconf 63' lang='lat' dir='ltr'>vomuit,</span> <span class='ocrx_word' id='word_1_36' title='bbox 637 921 699 998; x_wconf 83' lang='lat' dir='ltr'>fibi</span> <span class='ocrx_word' id='word_1_37' title='bbox 719 919 917 1020; x_wconf 83' lang='lat' dir='ltr'>persuasus,</span> <span class='ocrx_word' id='word_1_38' title='bbox 942 921 1099 994; x_wconf 90' lang='lat' dir='ltr'>retinam</span> <span class='ocrx_word' id='word_1_39' title='bbox 1130 920 1241 996; x_wconf 89' lang='lat' dir='ltr'>nimis</span> <span class='ocrx_word' id='word_1_40' title='bbox 1266 921 1416 998; x_wconf 81' lang='lat' dir='ltr'>crassam</span> <span class='ocrx_word' id='word_1_41' title='bbox 1442 924 1577 1012; x_wconf 87' lang='lat' dir='ltr'>videri,</span> 
     </span>
     <span class='ocr_line' id='line_1_6' title="bbox 271 1019 1580 1128; baseline -0.001 -25"><span class='ocrx_word' id='word_1_42' title='bbox 271 1051 385 1128; x_wconf 83' lang='lat' dir='ltr'>quani</span> <span class='ocrx_word' id='word_1_43' title='bbox 407 1051 502 1124; x_wconf 86' lang='lat' dir='ltr'>quae</span> <span class='ocrx_word' id='word_1_44' title='bbox 516 1051 539 1100; x_wconf 86' lang='lat' dir='ltr'>a</span> <span class='ocrx_word' id='word_1_45' title='bbox 555 1023 717 1100; x_wconf 83' lang='lat' dir='ltr'><strong>medulla</strong></span> <span class='ocrx_word' id='word_1_46' title='bbox 731 1023 818 1099; x_wconf 90' lang='lat' dir='ltr'>oriri</span> <span class='ocrx_word' id='word_1_47' title='bbox 836 1019 956 1122; x_wconf 69' lang='lat' dir='ltr'>possut</span> <span class='ocrx_word' id='word_1_48' title='bbox 983 1023 1072 1118; x_wconf 91' lang='lat' dir='ltr'>quin</span> <span class='ocrx_word' id='word_1_49' title='bbox 1093 1021 1168 1120; x_wconf 92' lang='lat' dir='ltr'>ipse</span> <span class='ocrx_word' id='word_1_50' title='bbox 1189 1025 1507 1101; x_wconf 77' lang='lat' dir='ltr'>Mononouivs</span> <span class='ocrx_word' id='word_1_51' title='bbox 1534 1027 1580 1102; x_wconf 84' lang='lat' dir='ltr'>ti·</span> 
     </span>
     <span class='ocr_line' id='line_1_7' title="bbox 258 1121 1578 1234; baseline -0.005 -26"><span class='ocrx_word' id='word_1_52' title='bbox 258 1129 373 1234; x_wconf 81' lang='lat' dir='ltr'>¹mide</span> <span class='ocrx_word' id='word_1_53' title='bbox 387 1128 488 1225; x_wconf 92' lang='lat' dir='ltr'>loqui</span> <span class='ocrx_word' id='word_1_54' title='bbox 503 1129 580 1204; x_wconf 90' lang='lat' dir='ltr'>sere</span> <span class='ocrx_word' id='word_1_55' title='bbox 593 1127 739 1202; x_wconf 85' lang='lat' dir='ltr'>videtur</span> <span class='ocrx_word' id='word_1_56' title='bbox 753 1130 768 1214; x_wconf 78' lang='lat' dir='ltr'>s</span> <span class='ocrx_word' id='word_1_57' title='bbox 782 1129 832 1219; x_wconf 83' lang='lat' dir='ltr'>e).</span> <span class='ocrx_word' id='word_1_58' title='bbox 889 1124 998 1210; x_wconf 90' lang='lat' dir='ltr'>Quod</span> <span class='ocrx_word' id='word_1_59' title='bbox 1011 1121 1036 1197; x_wconf 82' lang='lat' dir='ltr'>fi</span> <span class='ocrx_word' id='word_1_60' title='bbox 1051 1148 1139 1200; x_wconf 90' lang='lat' dir='ltr'>vero</span> <span class='ocrx_word' id='word_1_61' title='bbox 1153 1149 1321 1200; x_wconf 88' lang='lat' dir='ltr'>neruum</span> <span class='ocrx_word' id='word_1_62' title='bbox 1344 1125 1508 1224; x_wconf 86' lang='lat' dir='ltr'>opticuni</span> <span class='ocrx_word' id='word_1_63' title='bbox 1530 1125 1578 1202; x_wconf 90' lang='lat' dir='ltr'>ad</span> 
     </span>
     <span class='ocr_line' id='line_1_8' title="bbox 268 1225 1577 1328; baseline -0.003 -21"><span class='ocrx_word' id='word_1_64' title='bbox 268 1230 505 1308; x_wconf 82' lang='lat' dir='ltr'>insertionem</span> <span class='ocrx_word' id='word_1_65' title='bbox 531 1253 648 1328; x_wconf 88' lang='lat' dir='ltr'>vsque</span> <span class='ocrx_word' id='word_1_66' title='bbox 673 1229 872 1303; x_wconf 90' lang='lat' dir='ltr'>secundum</span> <span class='ocrx_word' id='word_1_67' title='bbox 901 1226 1172 1321; x_wconf 83' lang='lat' dir='ltr'>longitudinem</span> <span class='ocrx_word' id='word_1_68' title='bbox 1199 1225 1384 1302; x_wconf 78' lang='lat' dir='ltr'>diffellum</span> <span class='ocrx_word' id='word_1_69' title='bbox 1409 1229 1447 1302; x_wconf 91' lang='lat' dir='ltr'>iii</span> <span class='ocrx_word' id='word_1_70' title='bbox 1469 1230 1577 1304; x_wconf 83' lang='lat' dir='ltr'>oculo</span> 
     </span>
     <span class='ocr_line' id='line_1_9' title="bbox 184 1327 1580 1432; baseline -0.001 -24"><span class='ocrx_word' id='word_1_71' title='bbox 184 1363 187 1370; x_wconf 94' lang='lat'>·</span> <span class='ocrx_word' id='word_1_72' title='bbox 270 1330 412 1432; x_wconf 81' lang='lat' dir='ltr'>recenti</span> <span class='ocrx_word' id='word_1_73' title='bbox 424 1331 620 1426; x_wconf 84' lang='lat' dir='ltr'>adspicias,</span> <span class='ocrx_word' id='word_1_74' title='bbox 646 1329 741 1428; x_wconf 92' lang='lat' dir='ltr'>ipsos</span> <span class='ocrx_word' id='word_1_75' title='bbox 756 1344 857 1404; x_wconf 88' lang='lat' dir='ltr'>certe</span> <span class='ocrx_word' id='word_1_76' title='bbox 877 1327 1061 1402; x_wconf 83' lang='lat' dir='ltr'>funiculos</span> <span class='ocrx_word' id='word_1_77' title='bbox 1086 1327 1311 1404; x_wconf 86' lang='lat' dir='ltr'>medullares</span> <span class='ocrx_word' id='word_1_78' title='bbox 1334 1330 1439 1403; x_wconf 86' lang='lat' dir='ltr'>nerui</span> <span class='ocrx_word' id='word_1_79' title='bbox 1460 1329 1497 1404; x_wconf 91' lang='lat' dir='ltr'>in</span> <span class='ocrx_word' id='word_1_80' title='bbox 1520 1353 1580 1406; x_wconf 85' lang='lat' dir='ltr'>re·</span> 
     </span>
    </p>
   </div>
   <div class='ocr_carea' id='block_1_3' title="bbox 268 1429 1577 1635">
    <p class='ocr_par' dir='ltr' id='par_1_3' title="bbox 268 1429 1577 1635">
     <span class='ocr_line' id='line_1_10' title="bbox 269 1429 1577 1530; baseline 0 -20"><span class='ocrx_word' id='word_1_81' title='bbox 269 1433 387 1510; x_wconf 75' lang='lat' dir='ltr'>tinini</span> <span class='ocrx_word' id='word_1_82' title='bbox 407 1433 657 1512; x_wconf 82' lang='lat' dir='ltr'>continuatos,</span> <span class='ocrx_word' id='word_1_83' title='bbox 694 1431 880 1530; x_wconf 82' lang='lat' dir='ltr'>ipsamque</span> <span class='ocrx_word' id='word_1_84' title='bbox 901 1429 1074 1527; x_wconf 79' lang='lat' dir='ltr'><strong>papillam</strong></span> <span class='ocrx_word' id='word_1_85' title='bbox 1094 1453 1184 1506; x_wconf 83' lang='lat' dir='ltr'>eum</span> <span class='ocrx_word' id='word_1_86' title='bbox 1209 1429 1329 1508; x_wconf 78' lang='lat' dir='ltr'>retina</span> <span class='ocrx_word' id='word_1_87' title='bbox 1355 1432 1577 1510; x_wconf 74' lang='lat' dir='ltr'>condalium</span> 
     </span>
     <span class='ocr_line' id='line_1_11' title="bbox 268 1529 1076 1635; baseline -0.01 -19"><span class='ocrx_word' id='word_1_88' title='bbox 268 1535 475 1616; x_wconf 69' lang='lat' dir='ltr'>medium</span> <span class='ocrx_word' id='word_1_89' title='bbox 490 1557 622 1635; x_wconf 86' lang='lat' dir='ltr'>corpus</span> <span class='ocrx_word' id='word_1_90' title='bbox 636 1531 782 1610; x_wconf 86' lang='lat' dir='ltr'>efficere</span> <span class='ocrx_word' id='word_1_91' title='bbox 796 1530 904 1610; x_wconf 79' lang='lat' dir='ltr'>faede</span> <span class='ocrx_word' id='word_1_92' title='bbox 925 1529 1076 1608; x_wconf 87' lang='lat' dir='ltr'>videbis.</span> 
     </span>
    </p>
   </div>
   <div class='ocr_carea' id='block_1_4' title="bbox 733 1763 1189 2024">
    <p class='ocr_par' dir='ltr' id='par_1_4' title="bbox 733 1763 1189 2024">
     <span class='ocr_line' id='line_1_12' title="bbox 846 1763 1051 1862; baseline -0.024 -18"><span class='ocrx_word' id='word_1_93' title='bbox 846 1764 880 1859; x_wconf 77' lang='lat' dir='ltr'>t.</span> <span class='ocrx_word' id='word_1_94' title='bbox 940 1763 1005 1842; x_wconf 89' lang='lat' dir='ltr'>iii.</span> <span class='ocrx_word' id='word_1_95' title='bbox 1046 1855 1051 1862; x_wconf 17' lang='lat'><strong>⁴</strong></span> 
     </span>
     <span class='ocr_line' id='line_1_13' title="bbox 733 1907 1189 2024; baseline -0.013 -25"><span class='ocrx_word' id='word_1_96' title='bbox 733 1907 914 2000; x_wconf 81' lang='lat' dir='ltr'>Fabricii</span> <span class='ocrx_word' id='word_1_97' title='bbox 942 1910 1103 1998; x_wconf 78' lang='lat' dir='ltr'>retinui.</span> <span class='ocrx_word' id='word_1_98' title='bbox 1185 2017 1189 2024; x_wconf 15' lang='grc' dir='ltr'>ι</span> 
     </span>
    </p>
   </div>
   <div class='ocr_carea' id='block_1_5' title="bbox 268 2062 1578 2270">
    <p class='ocr_par' dir='ltr' id='par_1_5' title="bbox 268 2062 1578 2270">
     <span class='ocr_line' id='line_1_14' title="bbox 361 2062 1577 2176; baseline -0.023 -11"><span class='ocrx_word' id='word_1_99' title='bbox 361 2170 368 2176; x_wconf 69' lang='grc'><em>,</em></span> <span class='ocrx_word' id='word_1_100' title='bbox 390 2079 450 2164; x_wconf 88' lang='lat' dir='ltr'>Ab</span> <span class='ocrx_word' id='word_1_101' title='bbox 475 2081 536 2158; x_wconf 89' lang='lat' dir='ltr'>illa</span> <span class='ocrx_word' id='word_1_102' title='bbox 561 2078 715 2156; x_wconf 89' lang='lat' dir='ltr'>demum</span> <span class='ocrx_word' id='word_1_103' title='bbox 740 2075 875 2152; x_wconf 86' lang='lat' dir='ltr'>lamina</span> <span class='ocrx_word' id='word_1_104' title='bbox 899 2074 1081 2174; x_wconf 84' lang='lat' dir='ltr'>perforata</span> <span class='ocrx_word' id='word_1_105' title='bbox 1102 2069 1220 2145; x_wconf 87' lang='lat' dir='ltr'>retina</span> <span class='ocrx_word' id='word_1_106' title='bbox 1243 2063 1339 2143; x_wconf 87' lang='lat' dir='ltr'>intra</span> <span class='ocrx_word' id='word_1_107' title='bbox 1361 2062 1577 2142; x_wconf 87' lang='lat' dir='ltr'>eboroidem</span> 
     </span>
     <span class='ocr_line' id='line_1_15' title="bbox 268 2165 1578 2270; baseline -0.023 -1"><span class='ocrx_word' id='word_1_108' title='bbox 268 2193 309 2270; x_wconf 89' lang='lat' dir='ltr'>ln</span> <span class='ocrx_word' id='word_1_109' title='bbox 324 2185 478 2264; x_wconf 76' lang='lat' dir='ltr'>ssmilem</span> <span class='ocrx_word' id='word_1_110' title='bbox 501 2179 662 2256; x_wconf 89' lang='lat' dir='ltr'>cboroidi</span> <span class='ocrx_word' id='word_1_111' title='bbox 688 2179 957 2251; x_wconf 85' lang='lat' dir='ltr'>concentricam</span> <span class='ocrx_word' id='word_1_112' title='bbox 977 2174 1164 2270; x_wconf 82' lang='lat' dir='ltr'>sphaeram</span> <span class='ocrx_word' id='word_1_113' title='bbox 1191 2170 1420 2266; x_wconf 86' lang='lat' dir='ltr'>expanditur,</span> <span class='ocrx_word' id='word_1_114' title='bbox 1440 2167 1476 2240; x_wconf 91' lang='lat' dir='ltr'>in</span> <span class='ocrx_word' id='word_1_115' title='bbox 1501 2165 1578 2262; x_wconf 89' lang='lat' dir='ltr'>pla·</span> 
     </span>
    </p>
   </div>
   <div class='ocr_carea' id='block_1_6' title="bbox 268 2269 1774 2384">
    <p class='ocr_par' dir='ltr' id='par_1_6' title="bbox 268 2269 1774 2384">
     <span class='ocr_line' id='line_1_16' title="bbox 268 2269 1774 2384; baseline -0.023 -14"><span class='ocrx_word' id='word_1_116' title='bbox 268 2316 378 2377; x_wconf 86' lang='lat' dir='ltr'>nani,</span> <span class='ocrx_word' id='word_1_117' title='bbox 416 2284 627 2384; x_wconf 89' lang='lat' dir='ltr'>aequalem,</span> <span class='ocrx_word' id='word_1_118' title='bbox 658 2277 875 2372; x_wconf 85' lang='lat' dir='ltr'>uniformem</span> <span class='ocrx_word' id='word_1_119' title='bbox 892 2275 1145 2350; x_wconf 87' lang='lat' dir='ltr'>membranam</span> <span class='ocrx_word' id='word_1_120' title='bbox 1167 2269 1322 2344; x_wconf 79' lang='lat' dir='ltr'>didutra.</span> <span class='ocrx_word' id='word_1_121' title='bbox 1388 2271 1429 2342; x_wconf 96' lang='lat' dir='ltr'>ln</span> <span class='ocrx_word' id='word_1_122' title='bbox 1447 2269 1575 2362; x_wconf 87' lang='lat' dir='ltr'>lepore</span> <span class='ocrx_word' id='word_1_123' title='bbox 1624 2369 1628 2373; x_wconf 30' lang='lat'><strong><em>‚</em></strong></span> <span class='ocrx_word' id='word_1_124' title='bbox 1766 2323 1774 2334; x_wconf 87' lang='lat'>.</span> 
     </span>
    </p>
   </div>
   <div class='ocr_carea' id='block_1_7' title="bbox 180 2367 1583 3395">
    <p class='ocr_par' dir='ltr' id='par_1_7' title="bbox 180 2367 1583 3395">
     <span class='ocr_line' id='line_1_17' title="bbox 269 2367 1577 2494; baseline -0.022 -24"><span class='ocrx_word' id='word_1_125' title='bbox 269 2394 424 2494; x_wconf 91' lang='lat' dir='ltr'>quidem</span> <span class='ocrx_word' id='word_1_126' title='bbox 438 2389 483 2463; x_wconf 93' lang='lat' dir='ltr'>ad</span> <span class='ocrx_word' id='word_1_127' title='bbox 500 2379 694 2478; x_wconf 87' lang='lat' dir='ltr'>ingressum</span> <span class='ocrx_word' id='word_1_128' title='bbox 716 2379 822 2453; x_wconf 87' lang='lat' dir='ltr'>nerui</span> <span class='ocrx_word' id='word_1_129' title='bbox 842 2378 953 2472; x_wconf 90' lang='lat' dir='ltr'>optici</span> <span class='ocrx_word' id='word_1_130' title='bbox 969 2373 1159 2459; x_wconf 86' lang='lat' dir='ltr'>obseruaui</span> <span class='ocrx_word' id='word_1_131' title='bbox 1173 2369 1380 2457; x_wconf 88' lang='lat' dir='ltr'>soueolam,</span> <span class='ocrx_word' id='word_1_132' title='bbox 1406 2367 1504 2442; x_wconf 89' lang='lat' dir='ltr'>vnde</span> <span class='ocrx_word' id='word_1_133' title='bbox 1520 2390 1577 2442; x_wconf 87' lang='lat' dir='ltr'>re·</span> 
     </span>
     <span class='ocr_line' id='line_1_18' title="bbox 180 2471 1577 2577; baseline -0.024 -4"><span class='ocrx_word' id='word_1_134' title='bbox 180 2513 189 2524; x_wconf 84' lang='grc'><em>·</em></span> <span class='ocrx_word' id='word_1_135' title='bbox 268 2499 347 2574; x_wconf 85' lang='lat' dir='ltr'>tina</span> <span class='ocrx_word' id='word_1_136' title='bbox 363 2495 399 2568; x_wconf 88' lang='lat' dir='ltr'>in</span> <span class='ocrx_word' id='word_1_137' title='bbox 416 2488 580 2566; x_wconf 86' lang='lat' dir='ltr'>tunicam</span> <span class='ocrx_word' id='word_1_138' title='bbox 598 2479 788 2557; x_wconf 86' lang='lat' dir='ltr'>formanda</span> <span class='ocrx_word' id='word_1_139' title='bbox 807 2479 945 2577; x_wconf 89' lang='lat' dir='ltr'>prodit;</span> <span class='ocrx_word' id='word_1_140' title='bbox 973 2477 1059 2550; x_wconf 86' lang='lat' dir='ltr'>inde</span> <span class='ocrx_word' id='word_1_141' title='bbox 1074 2489 1200 2550; x_wconf 89' lang='lat' dir='ltr'>tamen</span> <span class='ocrx_word' id='word_1_142' title='bbox 1217 2471 1334 2547; x_wconf 85' lang='lat' dir='ltr'>retina</span> <span class='ocrx_word' id='word_1_143' title='bbox 1348 2493 1423 2543; x_wconf 90' lang='lat' dir='ltr'>non</span> <span class='ocrx_word' id='word_1_144' title='bbox 1441 2491 1577 2565; x_wconf 88' lang='lat' dir='ltr'>aequa·</span> 
     </span>
     <span class='ocr_line' id='line_1_19' title="bbox 268 2568 1577 2677; baseline -0.024 -2"><span class='ocrx_word' id='word_1_145' title='bbox 268 2597 333 2677; x_wconf 91' lang='lat' dir='ltr'>bili</span> <span class='ocrx_word' id='word_1_146' title='bbox 350 2593 500 2671; x_wconf 85' lang='lat' dir='ltr'>orasfitie</span> <span class='ocrx_word' id='word_1_147' title='bbox 515 2589 550 2663; x_wconf 92' lang='lat' dir='ltr'>in</span> <span class='ocrx_word' id='word_1_148' title='bbox 568 2605 718 2662; x_wconf 87' lang='lat' dir='ltr'>omnem</span> <span class='ocrx_word' id='word_1_149' title='bbox 735 2582 913 2656; x_wconf 89' lang='lat' dir='ltr'>ambitum</span> <span class='ocrx_word' id='word_1_150' title='bbox 930 2578 1126 2677; x_wconf 85' lang='lat' dir='ltr'>spargitur,</span> <span class='ocrx_word' id='word_1_151' title='bbox 1153 2575 1267 2650; x_wconf 92' lang='lat' dir='ltr'>sedin</span> <span class='ocrx_word' id='word_1_152' title='bbox 1288 2577 1443 2668; x_wconf 86' lang='lat' dir='ltr'>utroque</span> <span class='ocrx_word' id='word_1_153' title='bbox 1460 2568 1577 2645; x_wconf 85' lang='lat' dir='ltr'>latere</span> 
     </span>
     <span class='ocr_line' id='line_1_20' title="bbox 269 2670 1579 2778; baseline -0.021 -1"><span class='ocrx_word' id='word_1_154' title='bbox 269 2724 315 2778; x_wconf 88' lang='lat' dir='ltr'>ex</span> <span class='ocrx_word' id='word_1_155' title='bbox 333 2698 442 2772; x_wconf 89' lang='lat' dir='ltr'>souea</span> <span class='ocrx_word' id='word_1_156' title='bbox 461 2693 520 2767; x_wconf 86' lang='lat' dir='ltr'>illa</span> <span class='ocrx_word' id='word_1_157' title='bbox 536 2685 723 2763; x_wconf 84' lang='lat' dir='ltr'>adscendit</span> <span class='ocrx_word' id='word_1_158' title='bbox 738 2699 891 2758; x_wconf 88' lang='lat' dir='ltr'>truncus</span> <span class='ocrx_word' id='word_1_159' title='bbox 911 2677 1124 2756; x_wconf 88' lang='lat' dir='ltr'>medullaris</span> <span class='ocrx_word' id='word_1_160' title='bbox 1147 2677 1285 2773; x_wconf 89' lang='lat' dir='ltr'>reliqua</span> <span class='ocrx_word' id='word_1_161' title='bbox 1309 2687 1413 2771; x_wconf 90' lang='lat' dir='ltr'>parte</span> <span class='ocrx_word' id='word_1_162' title='bbox 1436 2670 1579 2749; x_wconf 80' lang='lat' dir='ltr'>crassior</span> 
     </span>
     <span class='ocr_line' id='line_1_21' title="bbox 269 2775 1578 2891; baseline -0.022 -15"><span class='ocrx_word' id='word_1_163' title='bbox 269 2801 308 2882; x_wconf 74' lang='grc' dir='ltr'>δι</span> <span class='ocrx_word' id='word_1_164' title='bbox 325 2799 484 2878; x_wconf 90' lang='lat' dir='ltr'>solidior,</span> <span class='ocrx_word' id='word_1_165' title='bbox 513 2791 574 2891; x_wconf 88' lang='lat' dir='ltr'>qui</span> <span class='ocrx_word' id='word_1_166' title='bbox 598 2789 645 2864; x_wconf 86' lang='lat' dir='ltr'>ad</span> <span class='ocrx_word' id='word_1_167' title='bbox 667 2786 888 2861; x_wconf 88' lang='lat' dir='ltr'>anteriorem</span> <span class='ocrx_word' id='word_1_168' title='bbox 912 2807 1031 2882; x_wconf 83' lang='lat' dir='ltr'>usque</span> <span class='ocrx_word' id='word_1_169' title='bbox 1056 2803 1159 2856; x_wconf 87' lang='lat' dir='ltr'>orani</span> <span class='ocrx_word' id='word_1_170' title='bbox 1181 2775 1307 2854; x_wconf 86' lang='lat' dir='ltr'>senfim</span> <span class='ocrx_word' id='word_1_171' title='bbox 1330 2775 1463 2850; x_wconf 84' lang='lat' dir='ltr'>leuiter</span> <span class='ocrx_word' id='word_1_172' title='bbox 1483 2783 1578 2849; x_wconf 84' lang='lat' dir='ltr'>atte-</span> 
     </span>
     <span class='ocr_line' id='line_1_22' title="bbox 269 2877 1580 2996; baseline -0.024 -17"><span class='ocrx_word' id='word_1_173' title='bbox 269 2915 407 2980; x_wconf 87' lang='lat' dir='ltr'>nuatus</span> <span class='ocrx_word' id='word_1_174' title='bbox 424 2893 608 2996; x_wconf 87' lang='lat' dir='ltr'>pertingit.</span> <span class='ocrx_word' id='word_1_175' title='bbox 663 2891 719 2964; x_wconf 85' lang='lat' dir='ltr'>Ex</span> <span class='ocrx_word' id='word_1_176' title='bbox 736 2902 867 2962; x_wconf 85' lang='lat' dir='ltr'>trunco</span> <span class='ocrx_word' id='word_1_177' title='bbox 881 2887 963 2970; x_wconf 93' lang='lat' dir='ltr'>illo,</span> <span class='ocrx_word' id='word_1_178' title='bbox 990 2899 1167 2981; x_wconf 88' lang='lat' dir='ltr'>tanquam</span> <span class='ocrx_word' id='word_1_179' title='bbox 1184 2877 1339 2955; x_wconf 78' lang='lat' dir='ltr'>exousia</span> <span class='ocrx_word' id='word_1_180' title='bbox 1355 2899 1499 2972; x_wconf 88' lang='lat' dir='ltr'>pennae</span> <span class='ocrx_word' id='word_1_181' title='bbox 1513 2883 1580 2948; x_wconf 84' lang='lat' dir='ltr'>aut</span> 
     </span>
     <span class='ocr_line' id='line_1_23' title="bbox 268 2973 1579 3096; baseline -0.029 -12"><span class='ocrx_word' id='word_1_182' title='bbox 268 3005 364 3088; x_wconf 87' lang='lat' dir='ltr'>solii,</span> <span class='ocrx_word' id='word_1_183' title='bbox 388 2998 559 3096; x_wconf 81' lang='lat' dir='ltr'>utrinque</span> <span class='ocrx_word' id='word_1_184' title='bbox 574 2991 620 3066; x_wconf 88' lang='lat' dir='ltr'>ad</span> <span class='ocrx_word' id='word_1_185' title='bbox 636 2990 793 3088; x_wconf 80' lang='lat' dir='ltr'>angulos</span> <span class='ocrx_word' id='word_1_186' title='bbox 809 2985 1029 3062; x_wconf 85' lang='lat' dir='ltr'>acutiffimos</span> <span class='ocrx_word' id='word_1_187' title='bbox 1043 2989 1081 3061; x_wconf 90' lang='lat' dir='ltr'>in</span> <span class='ocrx_word' id='word_1_188' title='bbox 1098 2983 1199 3059; x_wconf 92' lang='lat' dir='ltr'>omni</span> <span class='ocrx_word' id='word_1_189' title='bbox 1214 2978 1445 3073; x_wconf 86' lang='lat' dir='ltr'>longitudine</span> <span class='ocrx_word' id='word_1_190' title='bbox 1469 2973 1579 3072; x_wconf 87' lang='lat' dir='ltr'>prod·</span> 
     </span>
     <span class='ocr_line' id='line_1_24' title="bbox 269 3076 1578 3186; baseline -0.026 -2"><span class='ocrx_word' id='word_1_191' title='bbox 269 3121 363 3186; x_wconf 90' lang='lat' dir='ltr'>eunt</span> <span class='ocrx_word' id='word_1_192' title='bbox 384 3103 497 3178; x_wconf 85' lang='lat' dir='ltr'>librae</span> <span class='ocrx_word' id='word_1_193' title='bbox 521 3095 643 3174; x_wconf 86' lang='lat' dir='ltr'>albae,</span> <span class='ocrx_word' id='word_1_194' title='bbox 669 3087 916 3171; x_wconf 80' lang='lat' dir='ltr'>tenuissimae,</span> <span class='ocrx_word' id='word_1_195' title='bbox 943 3088 992 3160; x_wconf 90' lang='lat' dir='ltr'>ad</span> <span class='ocrx_word' id='word_1_196' title='bbox 1019 3101 1217 3178; x_wconf 84' lang='lat' dir='ltr'>utrumque</span> <span class='ocrx_word' id='word_1_197' title='bbox 1243 3081 1340 3153; x_wconf 86' lang='lat' dir='ltr'>latus</span> <span class='ocrx_word' id='word_1_198' title='bbox 1369 3076 1578 3152; x_wconf 87' lang='lat' dir='ltr'>tendentes.</span> 
     </span>
     <span class='ocr_line' id='line_1_25' title="bbox 268 3174 1581 3288; baseline -0.026 -2"><span class='ocrx_word' id='word_1_199' title='bbox 268 3211 312 3288; x_wconf 92' lang='lat' dir='ltr'>ln</span> <span class='ocrx_word' id='word_1_200' title='bbox 328 3199 523 3282; x_wconf 88' lang='lat' dir='ltr'>interuallo</span> <span class='ocrx_word' id='word_1_201' title='bbox 539 3204 822 3274; x_wconf 84' lang='lat' dir='ltr'>autem,trunco</span> <span class='ocrx_word' id='word_1_202' title='bbox 837 3186 981 3285; x_wconf 84' lang='lat' dir='ltr'>utrique</span> <span class='ocrx_word' id='word_1_203' title='bbox 996 3183 1191 3262; x_wconf 88' lang='lat' dir='ltr'>medullari</span> <span class='ocrx_word' id='word_1_204' title='bbox 1204 3177 1426 3275; x_wconf 81' lang='lat' dir='ltr'>interpofito,</span> <span class='ocrx_word' id='word_1_205' title='bbox 1445 3201 1490 3254; x_wconf 87' lang='lat' dir='ltr'>ex</span> <span class='ocrx_word' id='word_1_206' title='bbox 1506 3174 1581 3274; x_wconf 86' lang='lat' dir='ltr'>ipsa</span> 
     </span>
     <span class='ocr_line' id='line_1_26' title="bbox 269 3277 1583 3395; baseline -0.026 -10"><span class='ocrx_word' id='word_1_207' title='bbox 269 3306 418 3389; x_wconf 77' lang='lat' dir='ltr'>foueolu</span> <span class='ocrx_word' id='word_1_208' title='bbox 441 3300 554 3377; x_wconf 78' lang='lat' dir='ltr'>fibrae</span> <span class='ocrx_word' id='word_1_209' title='bbox 580 3293 780 3395; x_wconf 85' lang='lat' dir='ltr'>prodeunt,</span> <span class='ocrx_word' id='word_1_210' title='bbox 803 3296 903 3388; x_wconf 78' lang='lat' dir='ltr'>puae</span> <span class='ocrx_word' id='word_1_211' title='bbox 930 3289 1018 3364; x_wconf 89' lang='lat' dir='ltr'>inde</span> <span class='ocrx_word' id='word_1_212' title='bbox 1047 3283 1145 3386; x_wconf 85' lang='lat' dir='ltr'>quali</span> <span class='ocrx_word' id='word_1_213' title='bbox 1174 3308 1196 3358; x_wconf 88' lang='lat' dir='ltr'>a</span> <span class='ocrx_word' id='word_1_214' title='bbox 1222 3295 1352 3356; x_wconf 88' lang='lat' dir='ltr'>centro</span> <span class='ocrx_word' id='word_1_215' title='bbox 1378 3277 1583 3377; x_wconf 65' lang='lat' dir='ltr'>prosodiae,</span> 
     </span>
    </p>
   </div>
   <div class='ocr_carea' id='block_1_8' title="bbox 270 3379 1582 3496">
    <p class='ocr_par' dir='ltr' id='par_1_8' title="bbox 270 3379 1582 3496">
     <span class='ocr_line' id='line_1_27' title="bbox 270 3379 1582 3496; baseline -0.028 -6"><span class='ocrx_word' id='word_1_216' title='bbox 270 3411 458 3492; x_wconf 88' lang='lat' dir='ltr'>radiorum</span> <span class='ocrx_word' id='word_1_217' title='bbox 472 3401 581 3476; x_wconf 85' lang='lat' dir='ltr'>instar</span> <span class='ocrx_word' id='word_1_218' title='bbox 596 3419 660 3496; x_wconf 91' lang='lat' dir='ltr'>per</span> <span class='ocrx_word' id='word_1_219' title='bbox 675 3393 832 3470; x_wconf 90' lang='lat' dir='ltr'>retinam</span> <span class='ocrx_word' id='word_1_220' title='bbox 854 3403 1015 3488; x_wconf 82' lang='lat' dir='ltr'>pergunt</span> <span class='ocrx_word' id='word_1_221' title='bbox 1031 3388 1123 3488; x_wconf 81' lang='lat' dir='ltr'>(s),</span> <span class='ocrx_word' id='word_1_222' title='bbox 1143 3379 1582 3484; x_wconf 76' lang='lat' dir='ltr'>&#39;quamelegantiliiinam</span> 
     </span>
    </p>
   </div>
   <div class='ocr_carea' id='block_1_9' title="bbox 269 3483 1582 3669">
    <p class='ocr_par' dir='ltr' id='par_1_9' title="bbox 269 3483 1582 3669">
     <span class='ocr_line' id='line_1_28' title="bbox 269 3483 1582 3600; baseline -0.03 -3"><span class='ocrx_word' id='word_1_223' title='bbox 269 3511 485 3596; x_wconf 74' lang='lat' dir='ltr'>struituram</span> <span class='ocrx_word' id='word_1_224' title='bbox 500 3503 539 3580; x_wconf 91' lang='lat' dir='ltr'>iii</span> <span class='ocrx_word' id='word_1_225' title='bbox 557 3497 675 3580; x_wconf 83' lang='lat' dir='ltr'>oculis</span> <span class='ocrx_word' id='word_1_226' title='bbox 697 3492 872 3598; x_wconf 84' lang='lat' dir='ltr'>leporinis</span> <span class='ocrx_word' id='word_1_227' title='bbox 892 3494 1143 3574; x_wconf 81' lang='lat' dir='ltr'>Vausiiovii</span> <span class='ocrx_word' id='word_1_228' title='bbox 1168 3487 1206 3566; x_wconf 80' lang='lat' dir='ltr'>di</span> <span class='ocrx_word' id='word_1_229' title='bbox 1220 3487 1479 3564; x_wconf 76' lang='lat' dir='ltr'>Moaonoui</span> <span class='ocrx_word' id='word_1_230' title='bbox 1506 3483 1582 3600; x_wconf 76' lang='lat' dir='ltr'>iam</span> 
     </span>
     <span class='ocr_line' id='line_1_29' title="bbox 804 3607 1579 3669; baseline -0.019 13"><span class='ocrx_word' id='word_1_231' title='bbox 804 3649 807 3656; x_wconf 68' lang='lat'>,</span> <span class='ocrx_word' id='word_1_232' title='bbox 1458 3607 1579 3669; x_wconf 79' lang='lat' dir='ltr'>anim·</span> 
     </span>
    </p>
   </div>
   <div class='ocr_carea' id='block_1_10' title="bbox 273 3779 1686 3994">
    <p class='ocr_par' dir='ltr' id='par_1_10' title="bbox 273 3779 1686 3994">
     <span class='ocr_line' id='line_1_30' title="bbox 312 3779 1686 3918; baseline -0.031 -14"><span class='ocrx_word' id='word_1_233' title='bbox 312 3839 362 3918; x_wconf 77' lang='lat' dir='ltr'>(c)</span> <span class='ocrx_word' id='word_1_234' title='bbox 385 3831 433 3902; x_wconf 79' lang='lat' dir='ltr'>Dr</span> <span class='ocrx_word' id='word_1_235' title='bbox 451 3827 602 3913; x_wconf 67' lang='lat' dir='ltr'>suppari,</span> <span class='ocrx_word' id='word_1_236' title='bbox 621 3829 649 3888; x_wconf 80' lang='lat' dir='ltr'>el</span> <span class='ocrx_word' id='word_1_237' title='bbox 669 3817 782 3912; x_wconf 61' lang='lat' dir='ltr'>Gala,</span> <span class='ocrx_word' id='word_1_238' title='bbox 799 3815 908 3883; x_wconf 74' lang='lat' dir='ltr'>denti.</span> <span class='ocrx_word' id='word_1_239' title='bbox 990 3807 1054 3894; x_wconf 74' lang='lat' dir='ltr'>(sl</span> <span class='ocrx_word' id='word_1_240' title='bbox 1073 3803 1325 3908; x_wconf 56' lang='lat' dir='ltr'>diagramma</span> <span class='ocrx_word' id='word_1_241' title='bbox 1340 3799 1582 3896; x_wconf 77' lang='lat' dir='ltr'>bulnsirbrlcae</span> <span class='ocrx_word' id='word_1_242' title='bbox 1622 3779 1631 3792; x_wconf 65' lang='lat'><em>⁰</em></span> <span class='ocrx_word' id='word_1_243' title='bbox 1682 3883 1686 3888; x_wconf 26' lang='grc' dir='ltr'>Ι</span> 
     </span>
     <span class='ocr_line' id='line_1_31' title="bbox 273 3882 1579 3994; baseline -0.031 -10"><span class='ocrx_word' id='word_1_244' title='bbox 273 3915 315 3988; x_wconf 80' lang='lat' dir='ltr'>L.</span> <span class='ocrx_word' id='word_1_245' title='bbox 330 3919 361 3982; x_wconf 86' lang='lat' dir='ltr'><em>V</em></span> <span class='ocrx_word' id='word_1_246' title='bbox 365 3919 409 3981; x_wconf 85' lang='lat' dir='ltr'>ii.</span> <span class='ocrx_word' id='word_1_247' title='bbox 427 3935 452 3982; x_wconf 85' lang='lat' dir='ltr'>c,</span> <span class='ocrx_word' id='word_1_248' title='bbox 460 3933 513 3994; x_wconf 80' lang='lat'>5..</span> <span class='ocrx_word' id='word_1_249' title='bbox 686 3955 693 3968; x_wconf 89' lang='grc'><em>,</em></span> <span class='ocrx_word' id='word_1_250' title='bbox 950 3891 1211 3973; x_wconf 76' lang='lat' dir='ltr'>descriptionem,</span> <span class='ocrx_word' id='word_1_251' title='bbox 1234 3907 1326 3952; x_wconf 83' lang='lat' dir='ltr'>ieoue</span> <span class='ocrx_word' id='word_1_252' title='bbox 1349 3886 1423 3948; x_wconf 73' lang='lat' dir='ltr'>&#39;snb</span> <span class='ocrx_word' id='word_1_253' title='bbox 1443 3882 1504 3946; x_wconf 82' lang='lat' dir='ltr'>adr.</span> <span class='ocrx_word' id='word_1_254' title='bbox 1516 3882 1545 3962; x_wconf 80' lang='lat' dir='ltr'><em>fi</em></span> <span class='ocrx_word' id='word_1_255' title='bbox 1568 3892 1579 3944; x_wconf 67' lang='grc' dir='ltr'><strong>ὲ</strong></span> 
     </span>
    </p>
   </div>
   <div class='ocr_carea' id='block_1_11' title="bbox 152 3965 1584 4481">
    <p class='ocr_par' dir='ltr' id='par_1_11' title="bbox 152 3965 1584 4481">
     <span class='ocr_line' id='line_1_32' title="bbox 275 3965 1524 4078; baseline -0.034 -14"><span class='ocrx_word' id='word_1_256' title='bbox 275 3991 278 3996; x_wconf 53' lang='grc'>’</span> <span class='ocrx_word' id='word_1_257' title='bbox 314 3998 369 4078; x_wconf 77' lang='lat' dir='ltr'>(d)</span> <span class='ocrx_word' id='word_1_258' title='bbox 398 3992 502 4060; x_wconf 62' lang='lat' dir='ltr'>Tude</span> <span class='ocrx_word' id='word_1_259' title='bbox 520 3991 756 4056; x_wconf 63' lang='lat' dir='ltr'>salisam&amp;</span> <span class='ocrx_word' id='word_1_260' title='bbox 949 3995 979 4056; x_wconf 79' lang='lat'>3.</span> <span class='ocrx_word' id='word_1_261' title='bbox 1000 3973 1199 4041; x_wconf 83' lang='lat' dir='ltr'>illustratam,</span> <span class='ocrx_word' id='word_1_262' title='bbox 1223 3969 1293 4030; x_wconf 88' lang='lat' dir='ltr'>dedi</span> <span class='ocrx_word' id='word_1_263' title='bbox 1310 3968 1342 4026; x_wconf 89' lang='lat' dir='ltr'>in</span> <span class='ocrx_word' id='word_1_264' title='bbox 1362 3965 1524 4054; x_wconf 59' lang='lat' dir='ltr'>Commoris</span> 
     </span>
     <span class='ocr_line' id='line_1_33' title="bbox 313 4038 1584 4158; baseline -0.036 -13"><span class='ocrx_word' id='word_1_265' title='bbox 313 4083 362 4158; x_wconf 78' lang='lat' dir='ltr'>(t)</span> <span class='ocrx_word' id='word_1_266' title='bbox 385 4068 614 4154; x_wconf 67' lang='lat' dir='ltr'>upapxtlii.</span> <span class='ocrx_word' id='word_1_267' title='bbox 640 4066 729 4146; x_wconf 79' lang='lat'><em>§.37.</em></span> <span class='ocrx_word' id='word_1_268' title='bbox 774 4057 826 4126; x_wconf 86' lang='lat' dir='ltr'>Sic</span> <span class='ocrx_word' id='word_1_269' title='bbox 849 4059 907 4123; x_wconf 90' lang='lat' dir='ltr'>du·</span> <span class='ocrx_word' id='word_1_270' title='bbox 950 4055 1126 4151; x_wconf 59' lang='lat' dir='ltr'>SonGoii.</span> <span class='ocrx_word' id='word_1_271' title='bbox 1143 4047 1260 4147; x_wconf 26' lang='lat' dir='ltr'>‘mik</span> <span class='ocrx_word' id='word_1_272' title='bbox 1286 4047 1425 4110; x_wconf 75' lang='lat' dir='ltr'>Simon.</span> <span class='ocrx_word' id='word_1_273' title='bbox 1444 4038 1584 4121; x_wconf 78' lang='lat' dir='ltr'>dedrffo·</span> 
     </span>
     <span class='ocr_line' id='line_1_34' title="bbox 169 4121 1584 4246; baseline -0.028 -24"><span class='ocrx_word' id='word_1_274' title='bbox 169 4221 173 4236; x_wconf 87' lang='grc'>,</span> <span class='ocrx_word' id='word_1_275' title='bbox 230 4215 235 4220; x_wconf 90' lang='grc'>.</span> <span class='ocrx_word' id='word_1_276' title='bbox 272 4159 317 4228; x_wconf 79' lang='lat' dir='ltr'>iti</span> <span class='ocrx_word' id='word_1_277' title='bbox 347 4171 472 4237; x_wconf 83' lang='lat' dir='ltr'>quoque</span> <span class='ocrx_word' id='word_1_278' title='bbox 496 4152 555 4246; x_wconf 68' lang='lat' dir='ltr'>hic</span> <span class='ocrx_word' id='word_1_279' title='bbox 585 4150 632 4244; x_wconf 41' lang='lat' dir='ltr'>de.</span> <span class='ocrx_word' id='word_1_280' title='bbox 652 4165 685 4208; x_wconf 88' lang='lat' dir='ltr'>re</span> <span class='ocrx_word' id='word_1_281' title='bbox 721 4143 907 4224; x_wconf 77' lang='lat' dir='ltr'>loquuntur,</span> <span class='ocrx_word' id='word_1_282' title='bbox 951 4145 1050 4200; x_wconf 75' lang='lat' dir='ltr'>realta</span> <span class='ocrx_word' id='word_1_283' title='bbox 1060 4133 1202 4213; x_wconf 72' lang='lat' dir='ltr'>fabricae</span> <span class='ocrx_word' id='word_1_284' title='bbox 1214 4136 1293 4200; x_wconf 66' lang='lat' dir='ltr'>iuter</span> <span class='ocrx_word' id='word_1_285' title='bbox 1311 4127 1431 4190; x_wconf 73' lang='lat' dir='ltr'>otidum</span> <span class='ocrx_word' id='word_1_286' title='bbox 1448 4121 1532 4194; x_wconf 75' lang='lat' dir='ltr'>tim,</span> <span class='ocrx_word' id='word_1_287' title='bbox 1554 4126 1584 4185; x_wconf 78' lang='lat' dir='ltr'>el</span> 
     </span>
     <span class='ocr_line' id='line_1_35' title="bbox 273 4211 1307 4394; baseline -0.035 -4"><span class='ocrx_word' id='word_1_288' title='bbox 273 4229 583 4390; x_wconf 64' lang='lat' dir='ltr'>tinnitu</span> <span class='ocrx_word' id='word_1_289' title='bbox 596 4221 911 4394; x_wconf 50' lang='lat' dir='ltr'>,isliu-‚ui</span> <span class='ocrx_word' id='word_1_290' title='bbox 951 4217 1073 4296; x_wconf 53' lang='grc' dir='ltr'>Μ·</span> <span class='ocrx_word' id='word_1_291' title='bbox 1088 4211 1174 4284; x_wconf 58' lang='lat'>‘²¹¹2</span> <span class='ocrx_word' id='word_1_292' title='bbox 1303 4300 1307 4306; x_wconf 89' lang='lat'>-</span> 
     </span>
     <span class='ocr_line' id='line_1_36' title="bbox 152 4403 1066 4481; baseline -0.035 31"><span class='ocrx_word' id='word_1_293' title='bbox 152 4407 155 4416; x_wconf 72' lang='grc'>’</span> <span class='ocrx_word' id='word_1_294' title='bbox 273 4419 278 4428; x_wconf 85' lang='grc'>·</span> <span class='ocrx_word' id='word_1_295' title='bbox 1028 4403 1066 4481; x_wconf 87' lang='lat' dir='ltr'>u</span> 
     </span>
    </p>
   </div>
   <div class='ocr_carea' id='block_1_12' title="bbox 0 0 2057 5262">
    <p class='ocr_par' dir='ltr' id='par_1_12' title="bbox 0 0 2057 5262">
     <span class='ocr_line' id='line_1_37' title="bbox 0 0 2057 5262; baseline 0 0"><span class='ocrx_word' id='word_1_296' title='bbox 0 0 2057 5262; x_wconf 95' lang='lat' dir='ltr'> </span> 
     </span>
    </p>
   </div>
  </div>
 </body>
</html>
