<?xml version="1.0" encoding="UTF-8"?>
<!DOCTYPE html PUBLIC "-//W3C//DTD XHTML 1.0 Transitional//EN"
    "http://www.w3.org/TR/xhtml1/DTD/xhtml1-transitional.dtd">
<html xmlns="http://www.w3.org/1999/xhtml" xml:lang="en" lang="en">
 <head>
  <title>
</title>
<meta http-equiv="Content-Type" content="text/html;charset=utf-8" />
  <meta name='ocr-system' content='tesseract 3.04.00' />
  <meta name='ocr-capabilities' content='ocr_page ocr_carea ocr_par ocr_line ocrx_word'/>
</head>
<body>
  <div class='ocr_page' id='page_1' title='image "./iohannisgottfri00zinngoog_0141.png"; bbox 0 0 4094 5262; ppageno 0'>
   <div class='ocr_carea' id='block_1_1' title="bbox 312 407 1719 590">
    <p class='ocr_par' dir='ltr' id='par_1_1' title="bbox 312 407 1719 590">
     <span class='ocr_line' id='line_1_1' title="bbox 312 407 1719 554; baseline -0.006 -29"><span class='ocrx_word' id='word_1_1' title='bbox 312 475 316 483; x_wconf 57' lang='lat'><strong><em>¹</em></strong></span> <span class='ocrx_word' id='word_1_2' title='bbox 467 469 590 554; x_wconf 29' lang='lat' dir='ltr'>rao,</span> <span class='ocrx_word' id='word_1_3' title='bbox 665 457 951 527; x_wconf 78' lang='lat' dir='ltr'>oesenimo</span> <span class='ocrx_word' id='word_1_4' title='bbox 973 407 1563 524; x_wconf 74' lang='lat' dir='ltr'>a·rtnrou=,ocva1rrnusu1</span> <span class='ocrx_word' id='word_1_5' title='bbox 1715 459 1719 470; x_wconf 94' lang='lat'>·</span> 
     </span>
     <span class='ocr_line' id='line_1_2' title="bbox 948 559 955 590; baseline 0 -1"><span class='ocrx_word' id='word_1_6' title='bbox 948 559 955 590; x_wconf 83' lang='grc'><strong>.</strong></span> 
     </span>
    </p>
   </div>
   <div class='ocr_carea' id='block_1_2' title="bbox 376 638 1801 2308">
    <p class='ocr_par' dir='ltr' id='par_1_2' title="bbox 376 638 1801 2308">
     <span class='ocr_line' id='line_1_3' title="bbox 379 638 1786 754; baseline -0.018 -6"><span class='ocrx_word' id='word_1_7' title='bbox 379 746 381 754; x_wconf 84' lang='grc'><em>,</em></span> <span class='ocrx_word' id='word_1_8' title='bbox 470 661 605 746; x_wconf 88' lang='lat' dir='ltr'>nucleo</span> <span class='ocrx_word' id='word_1_9' title='bbox 621 650 758 731; x_wconf 90' lang='lat' dir='ltr'>duriori</span> <span class='ocrx_word' id='word_1_10' title='bbox 774 642 930 727; x_wconf 83' lang='lat' dir='ltr'>solidiori</span> <span class='ocrx_word' id='word_1_11' title='bbox 945 644 1023 740; x_wconf 88' lang='lat' dir='ltr'>(n),</span> <span class='ocrx_word' id='word_1_12' title='bbox 1057 661 1155 740; x_wconf 86' lang='lat' dir='ltr'>quae</span> <span class='ocrx_word' id='word_1_13' title='bbox 1175 639 1382 738; x_wconf 87' lang='lat' dir='ltr'>inaequalis</span> <span class='ocrx_word' id='word_1_14' title='bbox 1403 638 1636 720; x_wconf 78' lang='lat' dir='ltr'>contuentia</span> <span class='ocrx_word' id='word_1_15' title='bbox 1666 641 1712 720; x_wconf 86' lang='lat' dir='ltr'>ab</span> <span class='ocrx_word' id='word_1_16' title='bbox 1738 668 1786 724; x_wconf 88' lang='lat' dir='ltr'>eo</span> 
     </span>
     <span class='ocr_line' id='line_1_4' title="bbox 376 744 1787 872; baseline -0.015 -27"><span class='ocrx_word' id='word_1_17' title='bbox 376 771 378 778; x_wconf 55' lang='lat'><strong>⁴</strong></span> <span class='ocrx_word' id='word_1_18' title='bbox 470 765 635 872; x_wconf 84' lang='lat' dir='ltr'>pendere</span> <span class='ocrx_word' id='word_1_19' title='bbox 650 757 817 842; x_wconf 75' lang='lat' dir='ltr'>videtur,</span> <span class='ocrx_word' id='word_1_20' title='bbox 840 747 941 850; x_wconf 92' lang='lat' dir='ltr'>quod</span> <span class='ocrx_word' id='word_1_21' title='bbox 957 745 1168 844; x_wconf 79' lang='lat' dir='ltr'>squamulae</span> <span class='ocrx_word' id='word_1_22' title='bbox 1182 744 1387 822; x_wconf 80' lang='lat' dir='ltr'>exteriores</span> <span class='ocrx_word' id='word_1_23' title='bbox 1409 745 1593 823; x_wconf 81' lang='lat' dir='ltr'>crallrores</span> <span class='ocrx_word' id='word_1_24' title='bbox 1615 747 1787 845; x_wconf 87' lang='lat' dir='ltr'>quidem,</span> 
     </span>
     <span class='ocr_line' id='line_1_5' title="bbox 471 845 1791 954; baseline -0.016 -5"><span class='ocrx_word' id='word_1_25' title='bbox 471 871 536 954; x_wconf 83' lang='lat' dir='ltr'>led</span> <span class='ocrx_word' id='word_1_26' title='bbox 551 861 714 944; x_wconf 83' lang='lat' dir='ltr'>limulex</span> <span class='ocrx_word' id='word_1_27' title='bbox 727 855 863 936; x_wconf 83' lang='lat' dir='ltr'>fabrica</span> <span class='ocrx_word' id='word_1_28' title='bbox 878 851 1009 930; x_wconf 84' lang='lat' dir='ltr'>intima</span> <span class='ocrx_word' id='word_1_29' title='bbox 1022 847 1229 933; x_wconf 80' lang='lat' dir='ltr'>molliores,</span> <span class='ocrx_word' id='word_1_30' title='bbox 1256 845 1324 931; x_wconf 79' lang='lat' dir='ltr'>dt..</span> <span class='ocrx_word' id='word_1_31' title='bbox 1339 847 1593 927; x_wconf 81' lang='lat' dir='ltr'>intercedente</span> <span class='ocrx_word' id='word_1_32' title='bbox 1608 852 1704 928; x_wconf 87' lang='lat' dir='ltr'>inter</span> <span class='ocrx_word' id='word_1_33' title='bbox 1717 848 1791 928; x_wconf 85' lang='lat' dir='ltr'>sru-</span> 
     </span>
     <span class='ocr_line' id='line_1_6' title="bbox 473 949 1791 1076; baseline -0.019 -25"><span class='ocrx_word' id='word_1_34' title='bbox 473 975 582 1076; x_wconf 81' lang='lat' dir='ltr'>gulas</span> <span class='ocrx_word' id='word_1_35' title='bbox 597 952 740 1068; x_wconf 76' lang='lat' dir='ltr'>liquore</span> <span class='ocrx_word' id='word_1_36' title='bbox 757 973 896 1058; x_wconf 84' lang='lat' dir='ltr'>aquen,</span> <span class='ocrx_word' id='word_1_37' title='bbox 923 951 1071 1050; x_wconf 84' lang='lat' dir='ltr'>longius</span> <span class='ocrx_word' id='word_1_38' title='bbox 1092 975 1114 1030; x_wconf 88' lang='lat' dir='ltr'>a</span> <span class='ocrx_word' id='word_1_39' title='bbox 1139 949 1177 1028; x_wconf 85' lang='lat' dir='ltr'>le</span> <span class='ocrx_word' id='word_1_40' title='bbox 1198 950 1360 1034; x_wconf 87' lang='lat' dir='ltr'>inuicem</span> <span class='ocrx_word' id='word_1_41' title='bbox 1381 950 1451 1027; x_wconf 83' lang='lat' dir='ltr'>sint</span> <span class='ocrx_word' id='word_1_42' title='bbox 1471 953 1658 1036; x_wconf 76' lang='lat' dir='ltr'>remotaes</span> <span class='ocrx_word' id='word_1_43' title='bbox 1685 951 1791 1054; x_wconf 84' lang='lat' dir='ltr'>squa-</span> 
     </span>
     <span class='ocr_line' id='line_1_7' title="bbox 474 1051 1793 1158; baseline -0.025 -5"><span class='ocrx_word' id='word_1_44' title='bbox 474 1075 601 1158; x_wconf 83' lang='lat' dir='ltr'>mulae</span> <span class='ocrx_word' id='word_1_45' title='bbox 615 1083 743 1150; x_wconf 88' lang='lat' dir='ltr'>autem</span> <span class='ocrx_word' id='word_1_46' title='bbox 755 1060 968 1142; x_wconf 86' lang='lat' dir='ltr'>interiores,</span> <span class='ocrx_word' id='word_1_47' title='bbox 996 1054 1187 1134; x_wconf 83' lang='lat' dir='ltr'>tenuiores</span> <span class='ocrx_word' id='word_1_48' title='bbox 1201 1051 1369 1151; x_wconf 87' lang='lat' dir='ltr'>quidem.</span> <span class='ocrx_word' id='word_1_49' title='bbox 1396 1053 1465 1132; x_wconf 81' lang='lat' dir='ltr'>led</span> <span class='ocrx_word' id='word_1_50' title='bbox 1490 1052 1694 1140; x_wconf 86' lang='lat' dir='ltr'>solidiores,</span> <span class='ocrx_word' id='word_1_51' title='bbox 1723 1056 1793 1131; x_wconf 84' lang='lat' dir='ltr'>du.</span> 
     </span>
     <span class='ocr_line' id='line_1_8' title="bbox 474 1154 1795 1274; baseline -0.014 -30"><span class='ocrx_word' id='word_1_52' title='bbox 474 1180 609 1264; x_wconf 65' lang='lat' dir='ltr'>fiores,</span> <span class='ocrx_word' id='word_1_53' title='bbox 635 1167 860 1274; x_wconf 83' lang='lat' dir='ltr'>propiusque</span> <span class='ocrx_word' id='word_1_54' title='bbox 874 1158 938 1252; x_wconf 81' lang='lat' dir='ltr'>sibi</span> <span class='ocrx_word' id='word_1_55' title='bbox 953 1154 1185 1236; x_wconf 70' lang='lat' dir='ltr'>iunitaeelle</span> <span class='ocrx_word' id='word_1_56' title='bbox 1204 1157 1410 1234; x_wconf 82' lang='lat' dir='ltr'>videantur.</span> <span class='ocrx_word' id='word_1_57' title='bbox 1462 1157 1795 1257; x_wconf 74' lang='lat' dir='ltr'>Liquoremrrrum</span> 
     </span>
     <span class='ocr_line' id='line_1_9' title="bbox 476 1258 1798 1382; baseline -0.021 -23"><span class='ocrx_word' id='word_1_58' title='bbox 476 1299 640 1382; x_wconf 87' lang='lat' dir='ltr'>aqueum</span> <span class='ocrx_word' id='word_1_59' title='bbox 658 1271 800 1372; x_wconf 88' lang='lat' dir='ltr'>optime</span> <span class='ocrx_word' id='word_1_60' title='bbox 817 1259 1071 1342; x_wconf 83' lang='lat' dir='ltr'>demonstrant</span> <span class='ocrx_word' id='word_1_61' title='bbox 1090 1258 1214 1338; x_wconf 87' lang='lat' dir='ltr'>bullae</span> <span class='ocrx_word' id='word_1_62' title='bbox 1239 1269 1392 1345; x_wconf 69' lang='lat' dir='ltr'>aereae,</span> <span class='ocrx_word' id='word_1_63' title='bbox 1425 1284 1521 1357; x_wconf 87' lang='lat' dir='ltr'>quae</span> <span class='ocrx_word' id='word_1_64' title='bbox 1546 1261 1585 1336; x_wconf 91' lang='lat' dir='ltr'>in</span> <span class='ocrx_word' id='word_1_65' title='bbox 1605 1261 1708 1337; x_wconf 86' lang='lat' dir='ltr'>lente</span> <span class='ocrx_word' id='word_1_66' title='bbox 1733 1285 1798 1338; x_wconf 85' lang='lat' dir='ltr'>re·</span> 
     </span>
     <span class='ocr_line' id='line_1_10' title="bbox 418 1363 1796 1487; baseline -0.009 -33"><span class='ocrx_word' id='word_1_67' title='bbox 418 1449 421 1454; x_wconf 77' lang='grc'>,</span> <span class='ocrx_word' id='word_1_68' title='bbox 465 1383 795 1487; x_wconf 59' lang='grc' dir='ltr'>,ςεΙαῐυρρετεηῐ</span> <span class='ocrx_word' id='word_1_69' title='bbox 811 1370 890 1464; x_wconf 88' lang='grc' dir='ltr'>(ο).</span> <span class='ocrx_word' id='word_1_70' title='bbox 941 1365 1047 1450; x_wconf 77' lang='lat' dir='ltr'>Quae</span> <span class='ocrx_word' id='word_1_71' title='bbox 1070 1363 1171 1442; x_wconf 88' lang='lat' dir='ltr'>enim</span> <span class='ocrx_word' id='word_1_72' title='bbox 1192 1367 1272 1440; x_wconf 85' lang='lat' dir='ltr'>lens</span> <span class='ocrx_word' id='word_1_73' title='bbox 1294 1363 1489 1458; x_wconf 84' lang='lat' dir='ltr'>congelata</span> <span class='ocrx_word' id='word_1_74' title='bbox 1509 1363 1591 1440; x_wconf 87' lang='lat' dir='ltr'>alba</span> <span class='ocrx_word' id='word_1_75' title='bbox 1615 1363 1653 1442; x_wconf 83' lang='lat' dir='ltr'>dt</span> <span class='ocrx_word' id='word_1_76' title='bbox 1667 1383 1796 1464; x_wconf 48' lang='lat' dir='ltr'>*opaca</span> 
     </span>
     <span class='ocr_line' id='line_1_11' title="bbox 476 1462 1798 1585; baseline -0.018 -20"><span class='ocrx_word' id='word_1_77' title='bbox 476 1481 614 1585; x_wconf 72' lang='lat' dir='ltr'>abique</span> <span class='ocrx_word' id='word_1_78' title='bbox 629 1481 780 1562; x_wconf 80' lang='lat' dir='ltr'>fuerat,</span> <span class='ocrx_word' id='word_1_79' title='bbox 794 1471 918 1552; x_wconf 81' lang='lat' dir='ltr'>calore</span> <span class='ocrx_word' id='word_1_80' title='bbox 944 1465 1098 1566; x_wconf 89' lang='lat' dir='ltr'>quidem</span> <span class='ocrx_word' id='word_1_81' title='bbox 1120 1464 1239 1562; x_wconf 77' lang='lat' dir='ltr'>glacie</span> <span class='ocrx_word' id='word_1_82' title='bbox 1265 1462 1382 1544; x_wconf 89' lang='lat' dir='ltr'>loluta</span> <span class='ocrx_word' id='word_1_83' title='bbox 1407 1466 1699 1562; x_wconf 84' lang='lat' dir='ltr'>pelluciditatem</span> <span class='ocrx_word' id='word_1_84' title='bbox 1728 1466 1798 1542; x_wconf 57' lang='lat' dir='ltr'>ati,</span> 
     </span>
     <span class='ocr_line' id='line_1_12' title="bbox 478 1567 1799 1692; baseline -0.012 -32"><span class='ocrx_word' id='word_1_85' title='bbox 478 1611 595 1692; x_wconf 80' lang='lat' dir='ltr'>quam</span> <span class='ocrx_word' id='word_1_86' title='bbox 622 1578 802 1684; x_wconf 76' lang='lat' dir='ltr'>adquirit,</span> <span class='ocrx_word' id='word_1_87' title='bbox 844 1571 908 1670; x_wconf 74' lang='lat' dir='ltr'>sed</span> <span class='ocrx_word' id='word_1_88' title='bbox 932 1571 1153 1652; x_wconf 81' lang='lat' dir='ltr'>innumerae</span> <span class='ocrx_word' id='word_1_89' title='bbox 1177 1569 1218 1646; x_wconf 88' lang='lat' dir='ltr'>in</span> <span class='ocrx_word' id='word_1_90' title='bbox 1244 1591 1290 1646; x_wconf 88' lang='lat' dir='ltr'>ea</span> <span class='ocrx_word' id='word_1_91' title='bbox 1326 1567 1599 1668; x_wconf 80' lang='lat' dir='ltr'>conspiciuntur</span> <span class='ocrx_word' id='word_1_92' title='bbox 1630 1567 1799 1646; x_wconf 87' lang='lat' dir='ltr'>bullulae</span> 
     </span>
     <span class='ocr_line' id='line_1_13' title="bbox 480 1671 1799 1778; baseline -0.02 -5"><span class='ocrx_word' id='word_1_93' title='bbox 480 1705 632 1778; x_wconf 74' lang='lat' dir='ltr'>aereae,</span> <span class='ocrx_word' id='word_1_94' title='bbox 658 1684 856 1767; x_wconf 80' lang='lat' dir='ltr'>minimae,</span> <span class='ocrx_word' id='word_1_95' title='bbox 889 1675 941 1754; x_wconf 82' lang='lat' dir='ltr'>ita</span> <span class='ocrx_word' id='word_1_96' title='bbox 956 1671 1173 1774; x_wconf 74' lang='lat' dir='ltr'>dispositae,</span> <span class='ocrx_word' id='word_1_97' title='bbox 1199 1682 1257 1757; x_wconf 90' lang='lat' dir='ltr'>vt,</span> <span class='ocrx_word' id='word_1_98' title='bbox 1284 1673 1491 1768; x_wconf 86' lang='lat' dir='ltr'>quaeintet</span> <span class='ocrx_word' id='word_1_99' title='bbox 1510 1672 1667 1750; x_wconf 86' lang='lat' dir='ltr'>laminas</span> <span class='ocrx_word' id='word_1_100' title='bbox 1691 1683 1799 1746; x_wconf 84' lang='lat' dir='ltr'>exte-</span> 
     </span>
     <span class='ocr_line' id='line_1_14' title="bbox 431 1772 1799 1878; baseline -0.021 -2"><span class='ocrx_word' id='word_1_101' title='bbox 431 1859 439 1876; x_wconf 79' lang='grc'><em>,</em></span> <span class='ocrx_word' id='word_1_102' title='bbox 479 1798 597 1878; x_wconf 89' lang='lat' dir='ltr'>riores</span> <span class='ocrx_word' id='word_1_103' title='bbox 609 1783 863 1868; x_wconf 86' lang='lat' dir='ltr'>intercedunt,</span> <span class='ocrx_word' id='word_1_104' title='bbox 896 1775 1057 1856; x_wconf 84' lang='lat' dir='ltr'>maiores</span> <span class='ocrx_word' id='word_1_105' title='bbox 1076 1773 1173 1860; x_wconf 86' lang='lat' dir='ltr'>fere,</span> <span class='ocrx_word' id='word_1_106' title='bbox 1204 1772 1420 1858; x_wconf 78' lang='lat' dir='ltr'>rariores&amp;</span> <span class='ocrx_word' id='word_1_107' title='bbox 1443 1777 1540 1852; x_wconf 86' lang='lat' dir='ltr'>inter</span> <span class='ocrx_word' id='word_1_108' title='bbox 1563 1773 1598 1850; x_wconf 87' lang='lat' dir='ltr'>se</span> <span class='ocrx_word' id='word_1_109' title='bbox 1619 1772 1799 1850; x_wconf 83' lang='lat' dir='ltr'>remotio·</span> 
     </span>
     <span class='ocr_line' id='line_1_15' title="bbox 417 1873 1800 1984; baseline -0.015 -11"><span class='ocrx_word' id='word_1_110' title='bbox 417 1894 421 1902; x_wconf 89' lang='grc'><strong>’</strong></span> <span class='ocrx_word' id='word_1_111' title='bbox 480 1919 563 1984; x_wconf 88' lang='lat' dir='ltr'>res,</span> <span class='ocrx_word' id='word_1_112' title='bbox 589 1896 628 1970; x_wconf 92' lang='lat' dir='ltr'>in</span> <span class='ocrx_word' id='word_1_113' title='bbox 644 1901 773 1966; x_wconf 81' lang='lat' dir='ltr'>centro</span> <span class='ocrx_word' id='word_1_114' title='bbox 787 1893 915 1962; x_wconf 88' lang='lat' dir='ltr'>antem</span> <span class='ocrx_word' id='word_1_115' title='bbox 930 1874 1154 1960; x_wconf 82' lang='lat' dir='ltr'>subtiliores,</span> <span class='ocrx_word' id='word_1_116' title='bbox 1176 1873 1371 1972; x_wconf 89' lang='lat' dir='ltr'>multoque</span> <span class='ocrx_word' id='word_1_117' title='bbox 1390 1874 1547 1968; x_wconf 77' lang='lat' dir='ltr'>densiori</span> <span class='ocrx_word' id='word_1_118' title='bbox 1562 1875 1693 1952; x_wconf 89' lang='lat' dir='ltr'>ordine</span> <span class='ocrx_word' id='word_1_119' title='bbox 1706 1899 1800 1952; x_wconf 84' lang='lat' dir='ltr'>con-</span> 
     </span>
     <span class='ocr_line' id='line_1_16' title="bbox 481 1975 1799 2098; baseline -0.014 -24"><span class='ocrx_word' id='word_1_120' title='bbox 481 1988 604 2098; x_wconf 73' lang='lat' dir='ltr'>gestae</span> <span class='ocrx_word' id='word_1_121' title='bbox 638 1991 717 2072; x_wconf 83' lang='lat' dir='ltr'>iere</span> <span class='ocrx_word' id='word_1_122' title='bbox 744 1984 939 2064; x_wconf 82' lang='lat' dir='ltr'>videantur</span> <span class='ocrx_word' id='word_1_123' title='bbox 953 1978 1000 2076; x_wconf 83' lang='lat' dir='ltr'>(p</span> <span class='ocrx_word' id='word_1_124' title='bbox 1012 1975 1042 2074; x_wconf 92' lang='lat'>).</span> <span class='ocrx_word' id='word_1_125' title='bbox 1122 1975 1315 2072; x_wconf 86' lang='lat' dir='ltr'>Contingit</span> <span class='ocrx_word' id='word_1_126' title='bbox 1339 2001 1475 2076; x_wconf 87' lang='lat' dir='ltr'>nempe</span> <span class='ocrx_word' id='word_1_127' title='bbox 1502 1979 1589 2056; x_wconf 88' lang='lat' dir='ltr'>huic</span> <span class='ocrx_word' id='word_1_128' title='bbox 1616 1978 1799 2078; x_wconf 86' lang='lat' dir='ltr'>aquulae,</span> 
     </span>
     <span class='ocr_line' id='line_1_17' title="bbox 481 2077 1801 2206; baseline -0.016 -28"><span class='ocrx_word' id='word_1_129' title='bbox 481 2097 584 2206; x_wconf 90' lang='lat' dir='ltr'>quod</span> <span class='ocrx_word' id='word_1_130' title='bbox 601 2090 774 2174; x_wconf 87' lang='lat' dir='ltr'>omnibus</span> <span class='ocrx_word' id='word_1_131' title='bbox 796 2085 878 2168; x_wconf 84' lang='lat' dir='ltr'>aliis</span> <span class='ocrx_word' id='word_1_132' title='bbox 898 2079 1048 2182; x_wconf 83' lang='lat' dir='ltr'>liquidis</span> <span class='ocrx_word' id='word_1_133' title='bbox 1070 2077 1187 2180; x_wconf 80' lang='lat' dir='ltr'>glaeie</span> <span class='ocrx_word' id='word_1_134' title='bbox 1210 2080 1410 2168; x_wconf 77' lang='lat' dir='ltr'>poneretis,</span> <span class='ocrx_word' id='word_1_135' title='bbox 1440 2094 1483 2156; x_wconf 87' lang='lat' dir='ltr'>vt</span> <span class='ocrx_word' id='word_1_136' title='bbox 1498 2081 1801 2178; x_wconf 82' lang='lat' dir='ltr'>.cooglaciatione</span> 
     </span>
     <span class='ocr_line' id='line_1_18' title="bbox 480 2181 1801 2308; baseline -0.017 -27"><span class='ocrx_word' id='word_1_137' title='bbox 480 2197 683 2308; x_wconf 75' lang='lat' dir='ltr'>particulae</span> <span class='ocrx_word' id='word_1_138' title='bbox 699 2204 831 2272; x_wconf 76' lang='lat' dir='ltr'>aereae</span> <span class='ocrx_word' id='word_1_139' title='bbox 844 2188 1113 2275; x_wconf 81' lang='lat' dir='ltr'>elementares,</span> <span class='ocrx_word' id='word_1_140' title='bbox 1139 2203 1212 2262; x_wconf 83' lang='lat' dir='ltr'>nee</span> <span class='ocrx_word' id='word_1_141' title='bbox 1225 2181 1478 2266; x_wconf 83' lang='lat' dir='ltr'>elasticitatem</span> <span class='ocrx_word' id='word_1_142' title='bbox 1502 2183 1603 2261; x_wconf 86' lang='lat' dir='ltr'>suam</span> <span class='ocrx_word' id='word_1_143' title='bbox 1627 2183 1801 2260; x_wconf 81' lang='lat' dir='ltr'>exseren-</span> 
     </span>
    </p>
   </div>
   <div class='ocr_carea' id='block_1_3' title="bbox 362 2284 1801 2394">
    <p class='ocr_par' dir='ltr' id='par_1_3' title="bbox 362 2284 1801 2394">
     <span class='ocr_line' id='line_1_19' title="bbox 362 2284 1801 2394; baseline -0.018 -8"><span class='ocrx_word' id='word_1_144' title='bbox 362 2326 366 2335; x_wconf 82' lang='grc'><em>“</em></span> <span class='ocrx_word' id='word_1_145' title='bbox 481 2317 560 2394; x_wconf 85' lang='lat' dir='ltr'>tes,</span> <span class='ocrx_word' id='word_1_146' title='bbox 585 2287 911 2382; x_wconf 83' lang='lat' dir='ltr'>inbullulasnunc</span> <span class='ocrx_word' id='word_1_147' title='bbox 932 2287 1102 2366; x_wconf 81' lang='lat' dir='ltr'>elellioae</span> <span class='ocrx_word' id='word_1_148' title='bbox 1121 2295 1272 2370; x_wconf 80' lang='lat' dir='ltr'>coeant,</span> <span class='ocrx_word' id='word_1_149' title='bbox 1298 2284 1478 2384; x_wconf 83' lang='lat' dir='ltr'>fimnlque</span> <span class='ocrx_word' id='word_1_150' title='bbox 1501 2287 1641 2366; x_wconf 87' lang='lat' dir='ltr'>molem</span> <span class='ocrx_word' id='word_1_151' title='bbox 1667 2311 1801 2386; x_wconf 83' lang='lat' dir='ltr'>eorpo-</span> 
     </span>
    </p>
   </div>
   <div class='ocr_carea' id='block_1_4' title="bbox 402 2387 1802 2592">
    <p class='ocr_par' dir='ltr' id='par_1_4' title="bbox 402 2387 1802 2592">
     <span class='ocr_line' id='line_1_20' title="bbox 480 2387 1802 2506; baseline -0.016 -22"><span class='ocrx_word' id='word_1_152' title='bbox 480 2411 532 2492; x_wconf 83' lang='lat' dir='ltr'>ris</span> <span class='ocrx_word' id='word_1_153' title='bbox 547 2404 665 2506; x_wconf 83' lang='lat' dir='ltr'>glaeie</span> <span class='ocrx_word' id='word_1_154' title='bbox 678 2397 845 2484; x_wconf 76' lang='lat' dir='ltr'>concreti</span> <span class='ocrx_word' id='word_1_155' title='bbox 865 2401 1038 2490; x_wconf 82' lang='lat' dir='ltr'>augeant.</span> <span class='ocrx_word' id='word_1_156' title='bbox 1097 2387 1215 2490; x_wconf 85' lang='lat' dir='ltr'>lpsatn</span> <span class='ocrx_word' id='word_1_157' title='bbox 1231 2401 1359 2466; x_wconf 86' lang='lat' dir='ltr'>autem</span> <span class='ocrx_word' id='word_1_158' title='bbox 1384 2389 1487 2468; x_wconf 89' lang='lat' dir='ltr'>illam</span> <span class='ocrx_word' id='word_1_159' title='bbox 1509 2391 1684 2500; x_wconf 88' lang='lat' dir='ltr'>aquulam</span> <span class='ocrx_word' id='word_1_160' title='bbox 1709 2413 1802 2468; x_wconf 83' lang='lat' dir='ltr'>con·</span> 
     </span>
     <span class='ocr_line' id='line_1_21' title="bbox 402 2489 1802 2592; baseline -0.019 2"><span class='ocrx_word' id='word_1_161' title='bbox 402 2535 409 2548; x_wconf 92' lang='lat'><strong>·</strong></span> <span class='ocrx_word' id='word_1_162' title='bbox 482 2509 643 2592; x_wconf 89' lang='lat' dir='ltr'>tineriin</span> <span class='ocrx_word' id='word_1_163' title='bbox 656 2499 862 2584; x_wconf 88' lang='lat' dir='ltr'>interuallis</span> <span class='ocrx_word' id='word_1_164' title='bbox 880 2491 1131 2574; x_wconf 80' lang='lat' dir='ltr'>cettutofintts</span> <span class='ocrx_word' id='word_1_165' title='bbox 1151 2489 1394 2576; x_wconf 82' lang='lat' dir='ltr'>subtiliffimae</span> <span class='ocrx_word' id='word_1_166' title='bbox 1416 2493 1680 2592; x_wconf 84' lang='lat' dir='ltr'>experimentis</span> <span class='ocrx_word' id='word_1_167' title='bbox 1701 2490 1802 2570; x_wconf 89' lang='lat' dir='ltr'>meis</span> 
     </span>
    </p>
   </div>
   <div class='ocr_carea' id='block_1_5' title="bbox 339 2593 1817 2696">
    <p class='ocr_par' dir='ltr' id='par_1_5' title="bbox 339 2593 1817 2696">
     <span class='ocr_line' id='line_1_22' title="bbox 339 2593 1817 2696; baseline -0.001 -24"><span class='ocrx_word' id='word_1_168' title='bbox 339 2657 344 2672; x_wconf 91' lang='lat'><strong><em>.</em></strong></span> <span class='ocrx_word' id='word_1_169' title='bbox 457 2605 845 2696; x_wconf 67' lang='lat' dir='ltr'>‘nixusorediderimr</span> <span class='ocrx_word' id='word_1_170' title='bbox 869 2597 977 2696; x_wconf 78' lang='lat' dir='ltr'>saepe</span> <span class='ocrx_word' id='word_1_171' title='bbox 992 2595 1092 2674; x_wconf 85' lang='lat' dir='ltr'>enim</span> <span class='ocrx_word' id='word_1_172' title='bbox 1107 2593 1259 2684; x_wconf 80' lang='lat' dir='ltr'>accidit,</span> <span class='ocrx_word' id='word_1_173' title='bbox 1287 2617 1374 2672; x_wconf 91' lang='lat' dir='ltr'>cum</span> <span class='ocrx_word' id='word_1_174' title='bbox 1396 2596 1434 2670; x_wconf 89' lang='lat' dir='ltr'>in</span> <span class='ocrx_word' id='word_1_175' title='bbox 1456 2597 1566 2672; x_wconf 86' lang='lat' dir='ltr'>oculo</span> <span class='ocrx_word' id='word_1_176' title='bbox 1587 2595 1725 2672; x_wconf 89' lang='lat' dir='ltr'>bubulo</span> <span class='ocrx_word' id='word_1_177' title='bbox 1744 2595 1817 2671; x_wconf 65' lang='lat' dir='ltr'>ari-r</span> 
     </span>
    </p>
   </div>
   <div class='ocr_carea' id='block_1_6' title="bbox 482 2696 1803 3024">
    <p class='ocr_par' dir='ltr' id='par_1_6' title="bbox 482 2696 1803 3024">
     <span class='ocr_line' id='line_1_23' title="bbox 482 2696 1802 2796; baseline -0.017 0"><span class='ocrx_word' id='word_1_178' title='bbox 482 2729 605 2796; x_wconf 86' lang='lat' dir='ltr'>teram</span> <span class='ocrx_word' id='word_1_179' title='bbox 620 2709 798 2790; x_wconf 82' lang='lat' dir='ltr'>laminam</span> <span class='ocrx_word' id='word_1_180' title='bbox 816 2703 1038 2781; x_wconf 82' lang='lat' dir='ltr'>exteriorem</span> <span class='ocrx_word' id='word_1_181' title='bbox 1067 2696 1114 2776; x_wconf 86' lang='lat' dir='ltr'>ab</span> <span class='ocrx_word' id='word_1_182' title='bbox 1132 2697 1247 2776; x_wconf 86' lang='lat' dir='ltr'>altera</span> <span class='ocrx_word' id='word_1_183' title='bbox 1275 2697 1497 2783; x_wconf 85' lang='lat' dir='ltr'>auellerem.</span> <span class='ocrx_word' id='word_1_184' title='bbox 1523 2711 1565 2772; x_wconf 88' lang='lat' dir='ltr'>vt</span> <span class='ocrx_word' id='word_1_185' title='bbox 1591 2697 1802 2774; x_wconf 83' lang='lat' dir='ltr'>tenuissima</span> 
     </span>
     <span class='ocr_line' id='line_1_24' title="bbox 484 2797 1803 2902; baseline -0.016 -4"><span class='ocrx_word' id='word_1_186' title='bbox 484 2811 788 2898; x_wconf 77' lang='lat' dir='ltr'>lilamentainoer</span> <span class='ocrx_word' id='word_1_187' title='bbox 802 2819 998 2901; x_wconf 73' lang='lat' dir='ltr'>veramque</span> <span class='ocrx_word' id='word_1_188' title='bbox 1013 2797 1049 2880; x_wconf 86' lang='lat' dir='ltr'>se</span> <span class='ocrx_word' id='word_1_189' title='bbox 1064 2799 1282 2902; x_wconf 85' lang='lat' dir='ltr'>proderent,</span> <span class='ocrx_word' id='word_1_190' title='bbox 1307 2797 1569 2878; x_wconf 81' lang='lat' dir='ltr'>&amp;trahentem</span> <span class='ocrx_word' id='word_1_191' title='bbox 1586 2799 1720 2874; x_wconf 84' lang='lat' dir='ltr'>leniter</span> <span class='ocrx_word' id='word_1_192' title='bbox 1744 2799 1803 2878; x_wconf 87' lang='lat' dir='ltr'>se-</span> 
     </span>
     <span class='ocr_line' id='line_1_25' title="bbox 485 2899 1803 3024; baseline -0.013 -27"><span class='ocrx_word' id='word_1_193' title='bbox 485 2931 687 3024; x_wconf 79' lang='lat' dir='ltr'>querentur</span> <span class='ocrx_word' id='word_1_194' title='bbox 700 2913 779 3009; x_wconf 83' lang='lat' dir='ltr'>(q),</span> <span class='ocrx_word' id='word_1_195' title='bbox 802 2929 899 3008; x_wconf 85' lang='lat' dir='ltr'>quae</span> <span class='ocrx_word' id='word_1_196' title='bbox 917 2905 979 2982; x_wconf 87' lang='lat' dir='ltr'>iila</span> <span class='ocrx_word' id='word_1_197' title='bbox 993 2901 1165 2986; x_wconf 87' lang='lat' dir='ltr'>cellulosa</span> <span class='ocrx_word' id='word_1_198' title='bbox 1185 2899 1368 2984; x_wconf 81' lang='lat' dir='ltr'>efficiunt,</span> <span class='ocrx_word' id='word_1_199' title='bbox 1396 2914 1436 2976; x_wconf 80' lang='lat' dir='ltr'>vt</span> <span class='ocrx_word' id='word_1_200' title='bbox 1458 2901 1616 2976; x_wconf 85' lang='lat' dir='ltr'>laminae</span> <span class='ocrx_word' id='word_1_201' title='bbox 1640 2903 1803 2980; x_wconf 85' lang='lat' dir='ltr'>exterio·</span> 
     </span>
    </p>
   </div>
   <div class='ocr_carea' id='block_1_7' title="bbox 333 3003 1804 3130">
    <p class='ocr_par' dir='ltr' id='par_1_7' title="bbox 333 3003 1804 3130">
     <span class='ocr_line' id='line_1_26' title="bbox 333 3003 1804 3130; baseline -0.018 -25"><span class='ocrx_word' id='word_1_202' title='bbox 333 3040 337 3049; x_wconf 86' lang='lat'>&#39;</span> <span class='ocrx_word' id='word_1_203' title='bbox 483 3010 777 3114; x_wconf 72' lang='lat' dir='ltr'>resuiopn&#39;nu</span> <span class='ocrx_word' id='word_1_204' title='bbox 800 3008 1008 3110; x_wconf 84' lang='lat' dir='ltr'>superficies</span> <span class='ocrx_word' id='word_1_205' title='bbox 1022 3006 1154 3096; x_wconf 85' lang='lat' dir='ltr'>lentis,</span> <span class='ocrx_word' id='word_1_206' title='bbox 1180 3026 1277 3104; x_wconf 84' lang='lat' dir='ltr'>quae</span> <span class='ocrx_word' id='word_1_207' title='bbox 1301 3003 1487 3104; x_wconf 82' lang='lat' dir='ltr'>capsulam</span> <span class='ocrx_word' id='word_1_208' title='bbox 1507 3005 1716 3130; x_wconf 37' lang='lat' dir='ltr'>contingitp</span> <span class='ocrx_word' id='word_1_209' title='bbox 1732 3030 1804 3085; x_wconf 88' lang='lat' dir='ltr'>vn·</span> 
     </span>
    </p>
   </div>
   <div class='ocr_carea' id='block_1_8' title="bbox 485 3106 1298 3229">
    <p class='ocr_par' dir='ltr' id='par_1_8' title="bbox 485 3106 1298 3229">
     <span class='ocr_line' id='line_1_27' title="bbox 485 3106 1298 3229; baseline -0.023 -22"><span class='ocrx_word' id='word_1_210' title='bbox 485 3127 602 3229; x_wconf 82' lang='lat' dir='ltr'>dique</span> <span class='ocrx_word' id='word_1_211' title='bbox 617 3118 742 3202; x_wconf 85' lang='lat' dir='ltr'>villosa</span> <span class='ocrx_word' id='word_1_212' title='bbox 756 3115 796 3197; x_wconf 81' lang='lat' dir='ltr'>dr</span> <span class='ocrx_word' id='word_1_213' title='bbox 810 3107 1018 3194; x_wconf 84' lang='lat' dir='ltr'>tomentola</span> <span class='ocrx_word' id='word_1_214' title='bbox 1033 3107 1103 3190; x_wconf 87' lang='lat' dir='ltr'>elle</span> <span class='ocrx_word' id='word_1_215' title='bbox 1117 3106 1298 3188; x_wconf 82' lang='lat' dir='ltr'>videatur,</span> 
     </span>
    </p>
   </div>
   <div class='ocr_carea' id='block_1_9' title="bbox 1539 3617 1807 3775">
    <p class='ocr_par' dir='ltr' id='par_1_9' title="bbox 1539 3617 1807 3775">
     <span class='ocr_line' id='line_1_28' title="bbox 1539 3617 1807 3775; baseline -0.022 -15"><span class='ocrx_word' id='word_1_216' title='bbox 1539 3617 1543 3624; x_wconf 53' lang='grc'><strong>’</strong></span> <span class='ocrx_word' id='word_1_217' title='bbox 1667 3665 1703 3775; x_wconf 86' lang='lat'>§.</span> <span class='ocrx_word' id='word_1_218' title='bbox 1736 3671 1807 3756; x_wconf 88' lang='lat' dir='ltr'>nr.</span> 
     </span>
    </p>
   </div>
   <div class='ocr_carea' id='block_1_10' title="bbox 492 3937 1911 4406">
    <p class='ocr_par' dir='ltr' id='par_1_10' title="bbox 492 3937 1911 4406">
     <span class='ocr_line' id='line_1_29' title="bbox 531 3937 1911 4088; baseline -0.004 -29"><span class='ocrx_word' id='word_1_219' title='bbox 531 3989 585 4072; x_wconf 79' lang='lat' dir='ltr'>(a)</span> <span class='ocrx_word' id='word_1_220' title='bbox 604 3985 678 4088; x_wconf 70' lang='lat' dir='ltr'>vid,</span> <span class='ocrx_word' id='word_1_221' title='bbox 693 3985 922 4056; x_wconf 71' lang='lat' dir='ltr'>dionaeam</span> <span class='ocrx_word' id='word_1_222' title='bbox 941 3983 1123 4058; x_wconf 67' lang='lat' dir='ltr'>Admonet,</span> <span class='ocrx_word' id='word_1_223' title='bbox 1205 3971 1276 4070; x_wconf 70' lang='lat' dir='ltr'>(p)</span> <span class='ocrx_word' id='word_1_224' title='bbox 1296 3983 1437 4054; x_wconf 76' lang='lat' dir='ltr'>solutu</span> <span class='ocrx_word' id='word_1_225' title='bbox 1459 3937 1507 4048; x_wconf 84' lang='lat' dir='ltr'>ln</span> <span class='ocrx_word' id='word_1_226' title='bbox 1541 3981 1629 4050; x_wconf 83' lang='lat' dir='ltr'>lente</span> <span class='ocrx_word' id='word_1_227' title='bbox 1664 3985 1807 4072; x_wconf 71' lang='lat' dir='ltr'>repelet·</span> <span class='ocrx_word' id='word_1_228' title='bbox 1907 3963 1911 3970; x_wconf 44' lang='grc'><strong>’</strong></span> 
     </span>
     <span class='ocr_line' id='line_1_30' title="bbox 495 4068 1805 4166; baseline -0.005 -24"><span class='ocrx_word' id='word_1_229' title='bbox 495 4071 557 4144; x_wconf 74' lang='lat'>71.</span> <span class='ocrx_word' id='word_1_230' title='bbox 574 4071 747 4162; x_wconf 67' lang='lat' dir='ltr'>Animula,</span> <span class='ocrx_word' id='word_1_231' title='bbox 767 4069 903 4140; x_wconf 65' lang='lat' dir='ltr'>uxr,</span> <span class='ocrx_word' id='word_1_232' title='bbox 1073 4149 1077 4166; x_wconf 36' lang='grc' dir='ltr'>Ι</span> <span class='ocrx_word' id='word_1_233' title='bbox 1164 4087 1294 4154; x_wconf 89' lang='lat' dir='ltr'>quoque</span> <span class='ocrx_word' id='word_1_234' title='bbox 1312 4068 1392 4134; x_wconf 83' lang='lat' dir='ltr'>vidit</span> <span class='ocrx_word' id='word_1_235' title='bbox 1417 4068 1549 4134; x_wconf 78' lang='lat' dir='ltr'>Per-rr,</span> <span class='ocrx_word' id='word_1_236' title='bbox 1578 4068 1675 4136; x_wconf 73' lang='lat' dir='ltr'>Men.</span> <span class='ocrx_word' id='word_1_237' title='bbox 1699 4072 1805 4140; x_wconf 65' lang='lat' dir='ltr'>dead,</span> 
     </span>
     <span class='ocr_line' id='line_1_31' title="bbox 531 4169 1809 4334; baseline -0.001 -31"><span class='ocrx_word' id='word_1_238' title='bbox 531 4237 590 4334; x_wconf 55' lang='grc' dir='ltr'>(οὶ</span> <span class='ocrx_word' id='word_1_239' title='bbox 623 4236 769 4321; x_wconf 79' lang='lat' dir='ltr'>Aqunlee</span> <span class='ocrx_word' id='word_1_240' title='bbox 802 4233 887 4332; x_wconf 75' lang='lat' dir='ltr'>inter</span> <span class='ocrx_word' id='word_1_241' title='bbox 915 4199 996 4296; x_wconf 63' lang='lat' dir='ltr'>violla</span> <span class='ocrx_word' id='word_1_242' title='bbox 1028 4229 1126 4298; x_wconf 76' lang='lat' dir='ltr'>lentie</span> <span class='ocrx_word' id='word_1_243' title='bbox 1167 4169 1304 4312; x_wconf 51' lang='lat' dir='ltr'>¹⁷?le</span> <span class='ocrx_word' id='word_1_244' title='bbox 1324 4169 1519 4325; x_wconf 62' lang='lat' dir='ltr'>eilrbrannlae</span> <span class='ocrx_word' id='word_1_245' title='bbox 1541 4228 1574 4292; x_wconf 92' lang='lat' dir='ltr'>in</span> <span class='ocrx_word' id='word_1_246' title='bbox 1608 4229 1695 4296; x_wconf 83' lang='lat' dir='ltr'>lente</span> <span class='ocrx_word' id='word_1_247' title='bbox 1723 4233 1809 4302; x_wconf 79' lang='lat' dir='ltr'>vtatt</span> 
     </span>
     <span class='ocr_line' id='line_1_32' title="bbox 492 4309 1808 4406; baseline -0.003 -22"><span class='ocrx_word' id='word_1_248' title='bbox 492 4329 687 4389; x_wconf 71' lang='lat' dir='ltr'>mononem</span> <span class='ocrx_word' id='word_1_249' title='bbox 699 4318 763 4384; x_wconf 76' lang='lat' dir='ltr'>ln</span> <span class='ocrx_word' id='word_1_250' title='bbox 777 4315 856 4383; x_wconf 75' lang='lat' dir='ltr'>recu</span> <span class='ocrx_word' id='word_1_251' title='bbox 871 4313 924 4380; x_wconf 84' lang='lat' dir='ltr'>lll.</span> <span class='ocrx_word' id='word_1_252' title='bbox 937 4313 1126 4386; x_wconf 66' lang='lat' dir='ltr'>fineen,</span> <span class='ocrx_word' id='word_1_253' title='bbox 1169 4313 1447 4380; x_wconf 63' lang='lat' dir='ltr'>moneremus</span> <span class='ocrx_word' id='word_1_254' title='bbox 1469 4309 1551 4399; x_wconf 66' lang='lat' dir='ltr'>epid,</span> <span class='ocrx_word' id='word_1_255' title='bbox 1577 4323 1661 4386; x_wconf 62' lang='lat' dir='ltr'>aaa.</span> <span class='ocrx_word' id='word_1_256' title='bbox 1676 4312 1808 4406; x_wconf 60' lang='grc' dir='ltr'>ΚΖΗ.</span> 
     </span>
    </p>
   </div>
   <div class='ocr_carea' id='block_1_11' title="bbox 343 4393 1268 4488">
    <p class='ocr_par' dir='ltr' id='par_1_11' title="bbox 343 4393 1268 4488">
     <span class='ocr_line' id='line_1_33' title="bbox 343 4393 1268 4488; baseline 0.01 -25"><span class='ocrx_word' id='word_1_257' title='bbox 343 4407 345 4414; x_wconf 92' lang='grc'><strong><em>·</em></strong></span> <span class='ocrx_word' id='word_1_258' title='bbox 490 4399 525 4470; x_wconf 78' lang='lat' dir='ltr'>ro</span> <span class='ocrx_word' id='word_1_259' title='bbox 537 4401 631 4488; x_wconf 68' lang='lat' dir='ltr'>pum.</span> <span class='ocrx_word' id='word_1_260' title='bbox 646 4397 700 4471; x_wconf 71' lang='lat' dir='ltr'>tte,</span> <span class='ocrx_word' id='word_1_261' title='bbox 711 4397 841 4486; x_wconf 72' lang='lat' dir='ltr'>ptysot,</span> <span class='ocrx_word' id='word_1_262' title='bbox 865 4393 991 4480; x_wconf 52' lang='lat' dir='ltr'>§.Dm</span> <span class='ocrx_word' id='word_1_263' title='bbox 1168 4393 1268 4484; x_wconf 65' lang='lat'>§2³3-</span> 
     </span>
    </p>
   </div>
   <div class='ocr_carea' id='block_1_12' title="bbox 0 0 2081 5262">
    <p class='ocr_par' dir='ltr' id='par_1_12' title="bbox 0 0 2081 5262">
     <span class='ocr_line' id='line_1_34' title="bbox 0 0 2081 5262; baseline 0 0"><span class='ocrx_word' id='word_1_264' title='bbox 0 0 2081 5262; x_wconf 95' lang='lat' dir='ltr'> </span> 
     </span>
    </p>
   </div>
  </div>
 </body>
</html>
