4064 5260
281 453 289 468 ἡ
428 369 518 468 :21⁶
649 379 1546 456 onscnrnnrounnnon.oovr.1nuncu!

430 572 554 662 nunt,
579 569 743 670 &longe
756 568 937 668 originem
953 570 1054 650 iridis
1070 571 1261 670 legenteS,
1288 572 1327 648 in
1348 569 1494 650 veiculo
1514 569 1670 654 demum
1693 576 1764 656 mi·

430 699 532 858 mn
540 674 781 857 isiginitcum
803 673 955 756 surculis
980 675 1262 766 vorticosorum,
1289 676 1329 756 u
1356 676 1577 754 venularum
1604 681 1763 758 anterio·
1790 691 1795 699 ’

580 985 750 1067 Venulae
763 982 850 1064 illae
867 985 1010 1066 ciliares
1026 986 1230 1066 anteriores
1252 985 1458 1066 imillimae
1479 985 1562 1064 sunt
1581 986 1762 1064 arteriolit

438 1090 495 1172 fui
510 1093 682 1168 nominis
734 1091 881 1188 Nempe
897 1091 1030 1168 ramuli
1045 1089 1169 1168 venost
1187 1091 1371 1167 musculos
1387 1103 1546 1191 quatuor
1559 1091 1678 1168 retlos
1701 1115 1764 1168 co·

440 1195 579 1281 mitati,
607 1195 655 1272 ad
668 1191 790 1270 lineae
803 1216 828 1268 a
842 1215 978 1270 comen
991 1193 1217 1282 distantiam,
1245 1218 1292 1270 eo
1315 1193 1416 1283 loco,
1443 1216 1519 1292 quo
1540 1194 1655 1269 tendo
1675 1192 1764 1270 selo·-

440 1299 580 1400 rotipae
595 1295 779 1393 infigitur,
807 1293 969 1374 surculos
990 1297 1174 1397 quosdam
1201 1299 1399 1383 emittunt,
1439 1297 1535 1374 duos
1563 1309 1690 1374 tresue
1714 1317 1764 1374 ex

443 1401 579 1479 eodem
593 1397 757 1478 mulculo
773 1410 876 1476 ortos
890 1399 981 1488 vidi,
1009 1401 1073 1501 qui
1088 1400 1282 1477 tendinem
1298 1399 1490 1491 deserunt,
1520 1398 1557 1478 uc
1573 1401 1612 1478 in
1623 1399 1765 1478 telem·

425 1505 555 1594 ,ticam
570 1503 794 1604 anteriorem
819 1516 1036 1590 excurrunt,
1063 1503 1124 1580 vbi
1146 1525 1233 1580 cum
1258 1504 1389 1582 vicinis
1416 1514 1555 1579 coeunt
1582 1502 1623 1578 in
1655 1520 1764 1578 arcus

444 1629 651 1695 connexos,
678 1605 837 1682 arcubus
850 1606 1100 1700 mesenterpcis
1121 1603 1342 1690 simillimos,
1374 1629 1423 1681 ex
1447 1627 1606 1706 quorum
1627 1627 1766 1681 conue-

442 1711 559 1789 xitate
574 1709 743 1786 oriuntur
755 1708 817 1804 elii
832 1709 967 1786 ramuli
983 1707 1166 1796 minores,
1192 1707 1276 1810 pul,
1303 1708 1438 1784 eodem
1459 1730 1615 1787 numero
1638 1729 1683 1782 nc
1705 1729 1766 1782 ar·

442 1813 616 1899 teriolne,
644 1811 742 1886 inter
754 1811 935 1908 originem
951 1805 1135 1896 corneae,
1159 1809 1448 1888 &insertionem
1462 1809 1656 1887 tendinum
1676 1807 1766 1884 scle-

409 1979 411 1984 .
440 1917 597 1994 rotioem
613 1912 825 2009 perforant,
850 1914 1084 1992 aliicornene
1098 1913 1304 2012 propiores,
1331 1913 1393 1990 alii
1407 1913 1518 2010 paulo
1533 1911 1764 1996 remotiores,

443 2012 482 2093 ἃ
497 2037 563 2112 per
575 2011 788 2088 cellulolnm
805 2013 920 2090 telam
934 2013 974 2090 uc
989 2013 1196 2088 orbiculum
1210 2013 1375 2088 cilionem
1390 2013 1438 2088 ad
1459 2011 1640 2110 originem
1662 2013 1766 2090 iridis
1782 2015 1788 2022 '

440 2113 679 2218 perueniunt.
731 2113 776 2192 ln
803 2113 976 2189 celluloso
1002 2111 1067 2188 illo
1095 2113 1233 2190 circulo
1258 2111 1422 2190 surculos
1450 2113 1632 2212 quosdam
1656 2113 1767 2190 emit·

443 2222 531 2296 tunt
551 2213 741 2300 laterales,
773 2212 905 2290 vicinis
926 2213 1190 2292 vorticosomm
1211 2213 1473 2314 propaginibus
1498 2213 1671 2306 insertos,
1698 2211 1765 2320 ipu

349 2335 354 2340 '
444 2332 573 2413 autem
585 2314 747 2398 trunculi
758 2311 894 2429 iriuem
912 2339 1002 2399 cum
1015 2317 1168 2426 reliquis
1187 2315 1341 2398 adeunt.

445 2695 452 2719 ,
575 2615 646 2704 'Ad
660 2615 820 2704 eandem
832 2625 970 2730 nempe
984 2623 1115 2718 iridem
1130 2625 1316 2705 accedunt
1332 2623 1609 2706 numerolillimi
1623 2625 1767 2720 surculi,

443 2727 510 2834 Jqui
523 2749 547 2806 n
562 2721 654 2804 vans
674 2725 860 2802 vortieofis
876 2725 1131 2804 maioribus&
1151 2729 1356 2804 minoribus
1377 2729 1450 2804 orti
1470 2729 1677 2806 antrorsum
1700 2731 1767 2806 de-

444 2840 611 2928 currunt.
664 2825 811 2906 Surculi
824 2825 885 2917 illi,
893 2829 1115 2915 anteriores,
1142 2851 1236 2928 quos
1259 2830 1343 2906 vnsn
1368 2830 1546 2908 vorticosu
1566 2832 1703 2920 edunt,
1726 2832 1766 2912 in

443 2934 609 3032 minores
623 2928 759 3008 iterum
774 2929 940 3006 ramulos
956 2927 1019 3006 iub
1035 2929 1246 3008 acutillimis
1259 2933 1405 3030 angulis
1418 2932 1648 3029 diuiduntur,
1675 2957 1768 3032 quo·

443 3061 529 3118 rum
541 3033 605 3114 'alii
619 3031 658 3108 in
672 3027 887 3108 chornidem
902 3031 1119 3130 profundius
1134 3033 1170 3108 se
1182 3023 1449 3132 demergentes
1462 3033 1646 3134 procellos
1666 3035 1766 3115 cilin-

444 3164 507 3220 res
521 3137 681 3224 adeunt,
703 3157 798 3232 quos
812 3134 849 3210 in
866 3131 1008 3232 infante
1030 3151 1277 3214 recensuero
1306 3137 1482 3234 sauguine
1510 3140 1643 3240 plenos
1669 3139 1763 3232 vidi;

447 3241 509 3354 olii
529 3250 657 3320 autem
680 3233 885 3340 &plurimi
906 3235 1062 3343 quidem
1085 3261 1153 3341 per
1178 3239 1293 3320 telum
1318 3237 1532 3320 cellulosem
1558 3241 1611 3320 ad·
1633 3241 1766 3322 iridem

444 3353 659 3452 properant.

1036 3563 1267 3661 §·V·'

628 3689 924 3790 Numcircuius
937 3699 1097 3818 vmtrsirs
1111 3701 1285 3794 iridisin
1298 3698 1589 3822 homimem?

617 3861 660 3944 ln
675 3859 737 3940 illa
750 3874 878 3950 autern
893 3859 1132 3944 cellulofitate
1148 3863 1248 3944 iridis
1263 3865 1442 3948 chorioidi
1456 3871 1625 3970 obdulie,
1649 3883 1764 3972 molli,

450 3965 607 4053 lubrica,
634 3965 672 4044 in
686 3987 759 4066 qun
774 3963 867 4042 latet
879 3964 1039 4042 circulus
1054 3968 1266 4054 arteriasue,
1289 3971 1468 4050 circulum
1483 3999 1630 4079 quoque
1652 4008 1767 4064 veno.

449 4071 550 4164 sum,
575 4065 747 4148 arterioso
762 4065 918 4146 fimilem
931 4054 1065 4156 adello,
1093 4093 1225 4149 omnes
1244 4072 1322 4152 fere
1343 4076 1586 4169 recentiores,
1615 4089 1679 4186 qui
1697 4091 1767 4170 ω.

449 4174 525 4256 culi
538 4163 699 4252 arterioss
713 4170 945 4284 mentionem
960 4169 1150 4270 fecerunt,
1172 4179 1337 4256 vnaninu
1351 4201 1416 4258 ore
1435 4181 1644 4269 adfirmant.

1686 4397 1767 4478 Pri·
