4064 5260
458 449 534 522 aas
658 427 942 548 nascarnsro
971 448 1183 506 aaaron.
1214 446 1354 507 ocunr
1382 443 1603 512 munuc<

461 639 574 733 delit,
601 637 805 720 &folliculi
821 646 966 720 mutum
982 635 1118 736 apertis
1132 631 1265 713 osculis
1288 635 1388 714 inter
1405 636 1450 716 se
1466 635 1775 730 'coinmnrric'ens,

451 760 502 826 vt
514 744 666 824 ultimus
679 744 833 822 demum
852 765 918 842 per
931 741 1111 818 orificium
1126 739 1165 816 in
1187 739 1302 817 limbo
1312 741 1511 840 palpebrae
1532 741 1658 822 sebum
1678 744 1775 826 edat.

460 850 506 929 ln
520 847 688 945 margine
701 847 802 926 enim
817 842 1257 944 extremopalpebrarum
1285 867 1331 922 ea
1363 845 1602 946 facie,.quae
1626 847 1776 944 globm

461 952 560 1032 oculi
573 950 716 1051 respicit
731 974 828 1050 pone
842 948 925 1026 cilia
947 962 1005 1025 tot
1027 947 1374 1025 animaduertuntur
1391 950 1532 1028 orisicia
1557 973 1689 1050 parua,
1716 950 1778 1027 vix

460 1055 673 1156 conspicua,
696 1053 736 1130 in
752 1053 885 1131 eadem
898 1053 997 1129 linea
1009 1047 1194 1149 disposta,
1220 1074 1293 1128 vna
1312 1050 1422 1141 serie,
1447 1054 1635 1134 interdum
1660 1052 1780 1152 dupli-

458 1169 561 1246 cata,
589 1171 681 1258 quot
697 1155 835 1256 plexuli
848 1151 1050 1253 glandulosr
1064 1152 1214 1236 adslrnt.
1239 1177 1306 1254 per
1333 1177 1430 1255 qnae
1452 1157 1596 1234 'orillcia
1620 1153 1780 1234 breuissi-

458 1285 525 1342 mo
538 1260 649 1338 duslu
664 1259 791 1338 sebum
806 1257 911 1336 suurn
929 1269 1145 1334 excemunt
1198 1257 1243 1334 ln
1257 1256 1432 1358 superiori
1447 1259 1620 1360 palpebra
1639 1261 1678 1336 in
1699 1279 1781 1336 me·

458 1365 522 1442 dio
538 1362 633 1442 tarso
646 1361 731 1442 sunt
742 1359 954 1460 longissimi,
982 1359 1045 1437 sed
1058 1358 1287 1458 graciliores,
1302 1360 1362 1475 μ
1379 1361 1507 1440 versus
1529 1363 1645 1440 linem
1676 1360 1782 1460 supe·

457 1469 595 1548 riorern
610 1465 857 1565 angustiores,
882 1464 1057 1542 aliiretla
1070 1461 1317 1555 adscendunt,
1343 1463 1411 1542 alu
1419 1465 1636 1567 serpentinis
1653 1463 1782 1542 flexio-

458 1571 569 1648 nibus
581 1571 780 1653 inceduntr
807 1568 932 1646 versus
947 1567 1223 1646 extremitatem
1238 1579 1367 1644 autem
1380 1581 1499 1646 utram
1526 1593 1583 1646 ue
1596 1563 1680 1646 tarsi
1701 1566 1783 1644 sen-

458 1672 525 1752 srm
539 1671 747 1760 breuiores,
780 1667 1135 1760 ereaturarum,
1163 1667 1226 1747 sed
1246 1669 1415 1760 latiores,
1449 1593 1543 1752 &su
1571 1670 1679 1750 eriori
1704 1667 1784 1748 line

451 1776 584 1856 -versus
599 1775 766 1854 medium
781 1774 918 1854 tarsum
938 1773 1116 1853 inclinati.
1169 1774 1364 1852 interdum
1385 1775 1540 1873 longio'
1567 1797 1613 1852 us
1637 1772 1785 1852 breuio-

447 1903 520 1960 res
535 1877 618 1956 sunt
631 1878 840 1964 intermisti,
865 1891 949 1964 aut,
976 1879 1092 1976 quiin
1106 1875 1240 1954 itinere
1254 1877 1330 1955 duo
1344 1875 1509 1965 fuerant,
1543 1899 1658 1978 prope
1685 1875 1787 1954 orisl-

448 1983 559 2058 cium
575 1982 614 2056 in
627 2003 742 2058 vnum
757 1978 967 2064 confluunt,
990 1980 1104 2054 autin
1117 1978 1252 2054 itinere
1263 1980 1361 2056 inter
1378 1979 1415 2054 se
1431 1979 1608 2058 uniuntur
1621 1979 1788 2056 autslm·

449 2083 547 2186 plex
576 2081 856 2183 propeorificia
879 2079 919 2155 in
939 2080 1035 2154 duos
1050 2079 1239 2155 diuiditur.
1292 2081 1485 2157 Interdum
1518 2101 1615 2158 vnus
1639 2081 1786 2158 alterue

458 2185 631 2288 plexulus
644 2186 807 2280 vicinum
822 2181 949 2258 medio
963 2179 1058 2256 tarso
1072 2181 1282 2280 propiorem
1302 2180 1559 2280 superstnndit,
1584 2181 1785 2262 introrsum

459 2287 595 2372 flexus,
620 2287 697 2366 fme
714 2286 880 2363 incuruo.
932 2281 1008 2360 Alii
1022 2285 1061 2360 in
1076 2284 1209 2381 itinere
1226 2283 1264 2360 in
1289 2283 1462 2361 isthmum
1485 2283 1675 2373 contradi,
1700 2307 1787 2363 ver·

461 2391 522 2472 sus
536 2391 651 2468 finem
669 2391 804 2468 iterum
821 2386 996 2464 latescere
1008 2385 1192 2474 videntur,
1252 2387 1296 2464 ln
1318 2386 1492 2490 palpebra
1513 2387 1676 2466 inferiori
1699 2388 1787 2466 bre·

459 2495 585 2574 uiores
600 2491 682 2570 sunt
696 2515 763 2590 pro
778 2492 878 2568 mole
906 2485 1007 2578 tarsi,
1035 2487 1097 2566 sed
1126 2485 1278 2568 latiores
1307 2489 1346 2569 dr
1372 2491 1565 2580 tetriores,
1599 2489 1787 2588 &magis

310 2629 312 2634 ·
461 2595 639 2697 parallelo
659 2593 792 2671 itinere
819 2597 915 2678 inter¹
942 2589 979 2668 se
1004 2593 1195 2670 incedunt.
1248 2593 1440 2674 Laterales
1460 2593 1592 2676 uersus
1619 2595 1798 2685 mediam.

487 2710 605 2776 artem
621 2692 702 2771 tarfi
712 2747 724 2784 ,
750 2707 792 2771 vt
805 2693 844 2770 in
861 2694 1033 2792 superiori
1047 2693 1220 2792 palpebra
1238 2694 1313 2770 sine
1329 2695 1492 2776 ulteriori
1511 2696 1548 2774 se
1569 2695 1787 2790 inlleslunt,

460 2723 668 2888 breuiores,
692 2795 756 2896 qui
775 2795 920 2898 utrique
936 2795 1073 2872 cantho
1095 2793 1179 2870 sunt
1201 2794 1404 2894 propiores.
1480 2799 1584 2876 inter
1606 2799 1791 2897 punitum

453 2897 664 3004 ucrymue
679 2899 718 2978 dr
739 2897 869 2976 seriem
889 2895 1148 2995 glandularum
1170 2896 1324 2995 spatium
1346 2897 1497 2999 aliquod
1511 2891 1601 2977 tarsi
1624 2901 1790 3000 liberum

454 3003 639 3108 (caperest,
665 3001 766 3102 qood
781 3023 856 3078 non
872 3002 1071 3098 attiogunt.
1145 3000 1339 3079 Interdum
1363 3001 1531 3102 inprimis
1557 3003 1595 3078 in
1621 2991 1790 3085 inferiori

461 3106 636 3214 palpebra
649 3103 819 3182 nonnulli
831 3103 991 3181 folliculi
1006 3102 1141 3179 insulas
1155 3103 1403 3194 constituunt,
1437 3105 1631 3205 areliquis
1654 3109 1790 3206 plexu·

313 3250 319 3275 ε
462 3215 510 3294 lis
527 3209 724 3298 seiunctas,
749 3205 897 3305 illisque
909 3203 1159 3305 interposrtas,
1194 3207 1233 3286 dr
1255 3205 1463 3285 tenuissrmo
1484 3221 1630 3288 tantum
1652 3211 1790 3292 isthmo

465 3313 643 3396 cumillis
656 3311 910 3390 cohaerentes.
979 3309 1142 3386 Succum
1158 3311 1296 3397 edunt,
1323 3321 1365 3387 rt
1390 3311 1555 3412 reliquae
1586 3313 1789 3412 glandulae

460 3419 657 3504 sebaceae,
685 3413 724 3490 in
738 3413 825 3490 uiuo
841 3421 1051 3488 autrecens
1066 3421 1214 3490 mortuo
1232 3411 1435 3502 sebaceum,
1461 3414 1615 3493 mollem
1642 3431 1682 3496 et
1700 3419 1787 3497 lim·

461 3519 663 3624 pidiorem,
689 3515 728 3592 in
745 3510 888 3594 vemsto
902 3527 1118 3593 concretum
1145 3515 1183 3596 dr
1204 3516 1243 3594 in
1265 3517 1489 3595 vermiculos
1509 3518 1734 3614 formatum,
1760 3519 1790 3600 li

454 3619 604 3701 orificio
617 3617 844 3716 exprimitur.
896 3617 1166 3704 Rvuscnrrvs
1190 3619 1374 3697 eiusmodi
1395 3621 1619 3700 vermiculos
1641 3623 1790 3726 expres·

446 3725 524 3806 ,sos
538 3744 604 3825 pro
618 3722 773 3798 materia
788 3739 939 3796 ceracea
959 3745 1005 3797 ex
1021 3722 1164 3800 arteriis
1179 3721 1437 3800 transsudante
1459 3723 1604 3816 habuit,
1631 3724 1669 3808 dr
1689 3729 1789 3808 solli·

465 3830 571 3909 culos
584 3819 818 3924 glandulosos
832 3823 984 3918 negauit
999 3823 1078 3919 (n),
1106 3849 1218 3926 quem
1234 3839 1359 3902 autem
1377 3849 1509 3906 omnes
1531 3831 1661 3930 reliqui
1680 3831 1788 3912 Ana-

463 3931 593 4013 tomici
606 3925 797 4014 deserunt,
813 3925 1073 4004 Cns'snarvs
1083 3925 1147 4024 (n)
1174 3929 1324 4029 quidem
1340 3931 1534 4028 glandulas
1547 3931 1615 4010 has
1627 3935 1703 4012 iam
1719 3936 1787 4013 de’·

462 4034 635 4126 lineauit,
663 4027 727 4112 etsr
742 4029 782 4110 in
800 4029 1013 4110 textunihil
1031 4030 1079 4110 de
1099 4031 1173 4114 illis
1197 4032 1347 4120 habeat
1410 4033 1688 4120 Maraorrrvs
1717 4063 1787 4117 au-

1702 4153 1786 4259 corn

463 4339 993 4500 ,sterterent
1012 4339 1093 4428 u·
1188 4338 1240 4426 u
1261 4339 1451 4430 uus·
1466 4341 1666 4430 s
