4094 5262
467 421 538 484 m
679 423 962 482 DESCRIPTIO
981 415 1194 484 ΔΜΤΌΙ.
1214 425 1353 492 ocum
1374 425 1570 484 EVNAM

463 633 587 711 neque
602 608 649 688 ab
670 607 746 686 vlla
760 617 841 686 arte
862 605 1043 694 humana,
1070 609 1108 688 in
1130 609 1256 688 tunica
1275 608 1393 688 vitrea
1419 607 1513 688 duas
1538 604 1783 692 demonstrati

464 714 564 819 polle
589 713 777 793 lamellas,
812 713 994 809 expediari
1016 709 1330 810 polle‘videatur?
1369 713 1497 790 Flatus
1523 712 1676 790 demum
1703 737 1783 794 cur·

463 819 543 918 pori
571 815 690 893 vitreo
712 811 889 890 immissus
910 815 1002 888 illud
1022 814 1186 913 rudique
1211 814 1259 890 stc
1282 813 1427 904 eleuat,
1453 827 1494 890 vt
1518 814 1615 892 illius
1644 814 1781 894 facicm

463 943 612 1024 quoque
627 915 872 1001 anteriorem,
900 917 961 995 vbi
974 915 1054 994 sinu
1069 917 1213 996 lentem
1228 918 1380 1020 excipit,
1408 918 1534 996 mnicu
1545 919 1691 1019 progna
1712 917 1780 998 ub*

464 1022 568 1112 duci,
596 1021 704 1101 facile
719 1027 904 1122 appareat
1038 1118 1044 1126 ·

868 1421 919 1516 V
913 1271 1233 1540 ascuialimnldyru
1250 1421 1380 1512 vitrei.

470 1627 481 1634 ·
581 1601 707 1682 Pauca
722 1593 844 1676 adhuc
861 1593 997 1670 addam
1014 1593 1110 1670 circa
1123 1591 1206 1668 vasa
1219 1590 1386 1670 humoris
1400 1592 1524 1680 vitrei.
1551 1596 1611 1673 cui
1632 1591 1779 1674 Gaia.

472 1725 561 1787 uus
576 1701 643 1798 (o)
669 1700 709 1779 dr
724 1695 871 1800 plurimi
887 1719 974 1772 cunr
993 1695 1126 1785 secuti,
1151 1717 1266 1770 venas
1289 1692 1491 1793 negarunta
1518 1692 1556 1774 dr
1572 1697 1646 1794 ipse
1661 1699 1780 1776 err·
1799 1762 1805 1770 .

471 1828 639 1888 scurvs
657 1803 696 1878 in
713 1796 929 1877 membrana
944 1797 1062 1874 vitrea
1079 1797 1342 1872 nullaomnino
1359 1795 1429 1877 elle
1438 1797 1517 1874 vasa
1527 1793 1686 1892 affirmat
1694 1797 1777 1900 (pla

469 1932 542 1988 nec
556 1905 620 1984 nisi
639 1901 832 1980 recentiori
845 1923 940 1976 aeuo
956 1899 1110 1974 demum
1125 1923 1170 1974 ea
1181 1898 1435 1976 innotuerunt.
1488 1903 1776 1982 Wrusuowvs

468 2008 534 2108 (q)
557 2005 699 2083 vascula
712 1999 879 2078 humoris
893 2000 1000 2076 vitrei
1014 2001 1053 2076 in
1069 1999 1147 2076 fetu
1163 1999 1200 2078 vi
1213 1998 1417 2076 iniesiiunis
1434 2001 1597 2090 inuenit,
1625 2002 1685 2080 sed
1699 2004 1780 2078 illo·

468 2136 553 2192 rum
570 2111 693 2187 sontes
714 2103 805 2181 filet.
864 2102 1184 2183 Moncncurvs
1201 2099 1268 2197 (r)
1302 2101 1452 2202 quidem
1471 2103 1616 2181 vascula
1638 2104 1780 2201 sangari·

468 2213 547 2298 sera
560 2215 598 2289 iu
616 2208 724 2286 oculo
739 2204 935 2302 congelato
949 2229 970 2282 a
985 2204 1105 2282 retina
1130 2205 1227 2281 iutra
1248 2203 1447 2282 humorem
1468 2205 1628 2284 vitreum
1651 2231 1781 2284 excur-

470 2317 591 2398 rentia
607 2311 669 2388 fibi
686 2303 1021 2393 visafuiffecredtta
1060 2307 1201 2386 Vereor
1222 2319 1369 2398 autern,
1396 2319 1438 2383 vt
1464 2306 1538 2407 ipse
1565 2301 1789 2406 suspicatur„

470 2444 522 2515 ue
537 2417 656 2495 retina
679 2425 790 2489 antea
811 2421 1006 2508 corrugata
1028 2431 1073 2486 ea
1101 2419 1275 2508 exparte
1300 2406 1373 2486 suis
1402 2431 1490 2490 cum
1505 2407 1659 2488 vasculis
1687 2410 1790 2508 intra}

471 2515 788 2616 congelascentem
801 2511 961 2590 vitreum
974 2511 1180 2610 intercepta
1195 2507 1329 2596 sueritr
1354 2511 1512 2589 retinam
1526 2513 1626 2589 euim
1643 2511 1681 2587 in
1698 2536 1791 2606 ocu·‚

472 2623 512 2700 lo
526 2617 720 2713 congelato
737 2613 879 2730 semper
892 2611 1080 2690 arttiffime
1096 2611 1244 2686 humori
1265 2613 1383 2686 vitreo
1407 2613 1673 2710 agglutinatam
1694 2615 1783 2704 vidi,
1822 2677 1828 2686 .

472 2739 719 2816 necunquam
735 2713 827 2790 rniln
843 2713 1016 2810 contigit,
1041 2724 1082 2788 vt
1094 2711 1198 2787 illam
1214 2710 1398 2806 integram
1416 2711 1453 2790 dr
1474 2712 1636 2790 illaesam
1656 2737 1678 2789 a
1704 2713 1785 2792 sub·

472 2823 564 2904 retra
579 2820 696 2918 glacie
713 2815 874 2892 auellere
889 2813 1085 2914 potuerim.
1150 2809 1384 2898 nanrnvs,
1413 2813 1564 2893 testibus
1586 2815 1641 2893 Ill.
1665 2815 1784 2894 Hau·

476 2949 597 3004 anno
613 2923 673 3016 (r)
700 2919 738 2998 dr
752 2919 890 2996 Louu‘
905 2917 966 3014 (t)
992 2916 1033 2994 iu
1046 2911 1225 2992 balaenae
1240 2914 1349 2992 oculu
1365 2913 1510 2992 vascula
1532 2941 1554 2993 a
1569 2915 1782 3014 ligamentis

475 3024 659 3108 ciliaribus
673 3021 722 3098 ad
734 3019 894 3096 vitreum
907 3018 1104 3096 humorem
1118 3015 1241 3094 delata
1262 3013 1546 3108 demonstrauit,
1572 3019 1610 3096 in
1628 3019 1780 3098 homine

474 3130 568 3209 uuili
583 3146 745 3224 uuquam
760 3119 843 3199 visu.
896 3117 1052 3202 vascula
1066 3132 1193 3196 autem
1215 3143 1263 3194 ex
1295 3117 1416 3196 retina
1440 3121 1489 3196 ad
1506 3121 1702 3198 humorem
1727 3122 1781 3201 vi·

474 3245 599 3311 meum
615 3223 774 3327 profetia
787 3223 929 3302 Loun'
942 3221 1065 3324 potius
1087 3215 1303 3320 suspicatur,
1330 3244 1443 3322 quam
1463 3223 1538 3322 ipse
1562 3222 1779 3303 obseruauit.

475 3335 533 3414 Ill·
549 3327 890 3424 Hanunnvsor)
915 3324 1096 3402 tamenin
1120 3347 1192 3400 cuc
1211 3321 1420 3412 manifesta,
1448 3348 1495 3402 ex
1520 3332 1663 3402 retinae
1689 3323 1781 3403 vasrs

476 3448 577 3524 orta,
603 3430 672 3509 elle
687 3425 862 3520 affirmat,
890 3427 930 3508 dc
947 3425 1225 3507 Aunuosrvs
1246 3425 1508 3504 Bcnrnanu
1523 3427 1589 3526 (x)
1614 3427 1782 3506 describit

475 3535 620 3614 vascula
634 3555 681 3608 ex
696 3529 870 3608 clruroida
888 3529 926 3606 in
940 3529 1117 3618 retinam,
1144 3525 1292 3609 &iude
1313 3526 1352 3602 in
1372 3525 1466 3625 ipsas
1488 3528 1655 3606 humoris
1675 3531 1782 3610 vitrei

475 3635 631 3718 cellulas
645 3631 781 3714 euntia.
832 3631 904 3715 Vix
918 3644 1046 3712 autem
1062 3631 1176 3712 citare
1188 3629 1303 3708 velim
1315 3627 1437 3710 stellas
1455 3627 1667 3724 vasculusas,
1689 3657 1802 3756 quas.

1164 3792 1168 3798 ¹
1741 3759 1783 3820 ln

518 3939 577 4183 {a}
594 3925 811 4104 {apulum
826 3933 865 4004 Ζ.
876 3931 1042 4083 {dmm
1094 3999 1099 4006 .
1192 3935 1241 4022 (s)
1263 3933 1343 4026 ΠΨ.
1361 3937 1411 4010 cii.
1427 3929 1456 4021 5.
1465 3937 1520 4020 56.

520 4107 576 4262 ὦ)
592 4035 1039 4264 ἶῖἑβῦθικξήέὶὴοῖη.
1191 4099 1248 4199 (⁸)
1266 4093 1572 4182 Prinnlr'ulyfiol.
1593 4091 1781 4180 tum

481 4223 908 4416 ῃξὶἶῖἳῖἶνὲοιδέπὴω.
939 4259 974 4328 Y·
987 4253 1109 4344 rm
1149 4259 1725 4432 ώέἓυὲιὶἑιῗξηιιιπ
1746 4256 1782 4326 iu

1791 4211 1803 4252 l
