4098 5260
355 533 358 542 ‚
418 476 592 568 csn'rr.
620 503 876 570 nervurcu
895 487 1036 566 euos.
1055 472 1465 608 censebor-sisi.
1544 477 1596 594 '⁶7

283 691 467 772 eiliarium
485 696 651 772 coronaex
659 693 810 794 quidem
825 693 938 771 ciliari
953 695 1073 772 iuntla
1093 694 1156 794 ipsr
1173 706 1300 774 tamen
1321 695 1490 794 capsulae
1509 697 1588 774 leu-

277 797 464 875 tislibere
479 797 712 884 incumbere,
747 821 818 873 nec
842 798 920 874 vllo
946 795 1094 876 vinculo
1121 799 1337 874 immediate
1363 798 1417 875 illi
1444 800 1588 873 adnesti
1676 799 1684 812 “

275 900 380 999 <ssa
408 901 468 976 cui
484 899 687 976 sententiae
699 923 774 974 nnn
796 922 927 997 parum
946 899 1122 996 ponderis
1141 902 1286 984 accedit
1310 925 1356 976 ex
1378 899 1587 979 testimonio

282 1003 489 1097 grauissimo
507 1002 559 1078 lll.
575 1003 808 1088 Haerent,
834 1002 897 1100 qui
915 1003 953 1076 in
967 1001 1208 1080 recentissimo
1230 1003 1322 1079 libro
1338 1001 1518 1099 processus
1538 1004 1590 1080 ci·

283 1103 528 1180 liaresvitreu
546 1103 692 1179 humori
713 1103 925 1192 innitentia,
952 1105 1093 1180 lentem
1118 1107 1241 1202 potius
1265 1105 1449 1200 attingere
1476 1125 1591 1202 quam

283 1203 375 1281 lenti
389 1205 524 1282 innasci
536 1207 687 1286 tradidit
701 1207 719 1301 (
724 1208 778 1304 g)-
827 1208 911 1290 uec
929 1207 1111 1306 plurimae
1139 1206 1261 1283 abeo
1291 1221 1460 1306 tempore
1474 1206 1589 1283 fabiae
1616 1199 1649 1246 ’·
1720 1217 1731 1236 “
1768 1209 1772 1218 “

282 1305 556 1384 obseruationes
579 1309 746 1384 animum
768 1321 916 1384 mutare
943 1333 1007 1386 me
1034 1307 1174 1398 finunt,
1201 1307 1344 1408 semper
1370 1308 1472 1384 enim
1497 1307 1591 1386 mibi

163 1436 195 1496 ·,
280 1409 439 1504 contigit
449 1411 595 1499 videre,
623 1432 709 1484 cum
729 1433 864 1484 cornea
878 1409 1063 1506 pellucida
1089 1425 1233 1488 remota
1253 1411 1386 1490 iridem
1406 1423 1593 1486 transuer-

271 1507 346 1586 'srm
360 1510 534 1587 discissam
550 1511 589 1587 ἃ
604 1509 751 1586 volsella
765 1525 948 1610 arreptam
965 1535 1096 1608 parum
1119 1513 1307 1588 eleuarem
1330 1513 1370 1590 ‚bt
1389 1509 1590 1588 cautilbme

279 1612 519 1698 reclinarem,
547 1611 749 1686 breuillrma
764 1611 826 1687 illa
841 1613 1069 1708 processuum
1083 1613 1263 1690 ciliarium
1285 1627 1472 1701 extrema,
1496 1612 1591 1689 lenti

278 1711 549 1798 incumbentia,
577 1714 708 1788 iridem
724 1711 772 1786 fic
791 1737 920 1810 parum
937 1713 1134 1800 sublatam,
1159 1715 1334 1793 facillime
1354 1715 1474 1793 ,statim
1497 1713 1590 1790 sem·

277 1837 348 1912 per
371 1813 491 1912 sequi,
520 1811 598 1892 stne
619 1813 693 1888 vlln
712 1815 956 1892 connexionis
974 1837 1064 1892 eum
1086 1816 1191 1892 lente
1211 1817 1365 1900 indicio,
1390 1840 1462 1894 nec
1485 1815 1590 1891 illam

278 1937 442 2014 unquam
458 1931 534 1996 tam
553 1916 654 1991 lente
670 1929 747 1990 tam
761 1938 892 2013 parum
908 1915 1006 2014 posse
1020 1917 1161 1992 eleuari
1178 1917 1217 1994 bt
1233 1917 1394 2002 detrahi,
1423 1915 1512 2016 quin
1526 1916 1590 1992 illa

281 2017 580 2096 extaemastatim
595 2042 617 2094 a
634 2017 746 2096 lentis
765 2016 911 2116 capsula
938 2017 1115 2100 disiuniia
1139 2017 1330 2106 secedant,
1356 2013 1421 2096 etsr
1447 2018 1590 2118 reliqua

280 2143 365 2217 pars
382 2121 556 2217 posterior
570 2143 730 2195 coronae
742 2119 858 2194 ciliari
878 2120 1076 2198 firmissime
1097 2119 1241 2217 semper
1260 2120 1491 2216 agglutinata
1509 2141 1590 2198 ma·

278 2233 379 2296 neat.
443 2219 712 2296 ,Siautemalia
732 2222 1027 2314 praeparat-ione,
1065 2220 1195 2294 ablatis
1221 2222 1354 2296 tunicis
1376 2222 1474 2296 oculi
1501 2220 1588 2296 hae·

223 2357 224 2363 ¹
278 2319 488 2418 misphaerii
509 2318 701 2416 superioris
722 2319 770 2393 ad
795 2320 999 2396 orbiculum
1021 2321 1184 2396 ciliarem
1204 2343 1342 2416 usque,
1368 2343 1434 2416 per
1454 2320 1587 2396 humo·

277 2443 360 2499 rem
375 2421 533 2496 vitreum
548 2421 587 2494 in
605 2417 672 2494 srtu
686 2421 845 2494 naturali
865 2419 1092 2518 superstitem
1115 2419 1418 2517 transspiciendo,
1451 2443 1587 2517 corpus

279 2519 648 2607 ciliareintueemui,
675 2519 748 2640 ipsa
769 2533 936 2601 extrema
956 2521 1042 2599 alba
1071 2519 1297 2622 processuum
1326 2521 1506 2598 ciliarium
1539 2521 1588 2597 ad

276 2637 477 2728 atrumque
490 2624 590 2698 latus
601 2623 715 2706 lenus
729 2621 862 2722 polita,
889 2623 1017 2722 sponte
1035 2649 1062 2703 a
1076 2625 1177 2703 lente
1196 2623 1377 2702 disiuniia
1394 2634 1584 2724 apparent,

275 2749 394 2825 „quum
415 2725 468 2802 illi
490 2725 685 2800 humorem
708 2727 884 2814 vitreum,
908 2726 972 2804 eui
990 2725 1180 2805 aritislime
1199 2723 1285 2803 sunt
1302 2724 1435 2812 iuntii,
1468 2727 1587 2804 latera

278 2827 376 2904 oculi
393 2826 556 2924 pondere
571 2825 633 2903 suo
650 2826 855 2904 extrorsum
868 2841 1061 2924 vrgentem
1074 2829 1290 2926 sequantur,
1317 2829 1356 2904 ἃ
1370 2828 1585 2904 lentismar-

216 2995 224 3012 ,
278 2930 402 3024 ginem
419 2927 666 3023 deserant(lr).
717 2932 825 3016 Quae
851 2931 1001 3024 quidem
1023 2931 1280 3029 experimenta
1301 2941 1383 3004 tum
1407 2929 1444 3002 in
1468 2927 1584 3003 ocul'u

277 3030 469 3116 humanis,
498 3029 784 3127 quamprimum
802 3029 1052 3125 postmortem
1067 3031 1148 3108 fieri
1162 3040 1327 3126 poterat,
1352 3027 1507 3109 euulfis.
1531 3051 1584 3104 ne

276 3131 380 3206 initia
393 3130 599 3226 putredinis
619 3129 758 3225 aliquid
780 3129 877 3202 sorte
900 3129 1108 3219 turbarent,
1139 3141 1208 3202 aut
1220 3127 1436 3202 obiettionis
1454 3126 1583 3203 ansam

277 3232 358 3308 aliis
379 3231 475 3306 sorte
499 3227 736 3328 praeberent;
776 3235 855 3303 tum
883 3227 922 3302 in
949 3230 1069 3304 oculis
1096 3229 1309 3305 animalium
1334 3227 1516 3306 maiorum
1541 3228 1583 3309 ὄι

193 3329 201 3422 ζ
277 3333 423 3420 auium,
448 3331 591 3406 iteratis
608 3327 746 3405 vicinus
759 3327 914 3414 institui,
940 3329 978 3406 br
995 3329 1161 3426 inprimis
1175 3332 1215 3404 in
1229 3329 1345 3406 oculis
1357 3331 1485 3407 auium
1501 3353 1582 3406 rem

276 3433 379 3510 illam
393 3431 585 3526 indagaui,
613 3433 931 3528 quodBrnnovs
949 3433 1007 3528 (i)
1032 3432 1071 3504 in
1087 3431 1216 3507 auibus
1229 3445 1375 3506 motum
1390 3431 1580 3534 lentisepe

275 3534 507 3640 processuum
520 3531 699 3614 siliarium
719 3535 770 3628 ad
781 3532 935 3612 oculum
946 3533 1188 3612 demonstrari
1199 3531 1298 3638 posse
1309 3533 1463 3621 asserit.¹

272 3777 284 3790 ·
421 3739 528 3823 Quae
541 3759 658 3834 quum
670 3739 723 3813 ita
747 3735 835 3826 fini,
863 3733 1060 3812 firmiffime
1081 3735 1160 3812 su‘m
1181 3733 1388 3835 persuasus,
1412 3747 1582 3812 extrema

165 3871 168 3879 ·
277 3837 507 3937 processuum
526 3839 707 3950 ciliarium
734 3838 904 3942 capsulae
928 3838 1041 3916 lentis
1076 3839 1190 3918 libere
1205 3837 1452 3927 incumbere,
1479 3837 1517 3915 δι
1542 3838 1581 3910 in

1467 3937 1590 4012 'eius
1703 4035 1710 4048 ἱ

317 4139 382 4221 (s)
406 4138 478 4206 vra.
500 4103 671 4290 offla
693 4141 850 4240 rigam
867 4141 909 4205 a·
991 4139 1045 4220 (a)
1065 4137 1139 4204 vu.
1153 4137 1337 4219 summa.
1353 4137 1379 4202 1.
1397 4135 1434 4200 u
1447 4134 1580 4200 aalma.

277 4213 347 4288 liar.
367 4221 401 4303 §·
420 4219 502 4292 Vll.
523 4221 558 4287 V
945 4217 978 4304 ᾖ.
991 4220 1057 4286 ΙΙΙ.
1074 4227 1136 4281 rroe.
1147 4219 1176 4282 b.
1191 4227 1219 4279 cl
1241 4219 1315 4282 Tae.
1331 4217 1481 4362 wir-11.
1494 4215 1522 4296 s
1533 4239 1561 4286 ι.

988 4303 1030 4379 (i)
1057 4297 1182 4379 Obstru.
1204 4295 1324 4380 Phyfic.
1374 4305 1436 4362 not.
1451 4298 1488 4362 de
1504 4299 1585 4370 ocul.
1722 4310 1725 4324 “

318 4379 376 4464 (g)
400 4381 552 4466 Descript.
564 4383 756 4448 eremorum
773 4391 867 4466 ms.
950 4390 979 4444 ct
995 4379 1062 4461 sisu
1075 4379 1204 4452 animal,
1222 4381 1339 4448 verior.
1351 4399 1382 4462 p.
1389 4398 1443 4462 ³⁰·

285 4503 292 4523 '
321 4505 329 4518 '
986 4493 1003 4568 Ι
1031 4514 1054 4566 2
