4094 5262
449 460 523 518 rro
607 407 619 414 ’
655 425 939 514 nnseirrrro
956 451 1169 512 aaaron.
1187 451 1328 514 oevrr
1347 457 1542 515 avaram

450 655 518 724 net
531 639 734 720 obseruatio
748 640 1028 720 Vaesanvnn
1049 664 1071 716 a
1095 641 1389 720 Monnncuro
1411 639 1476 738 (lr)
1511 639 1674 734 semota,
1699 643 1789 745 qui-

448 750 487 834 in
503 744 821 841 schedisreliquit,
849 744 940 818 dum
958 743 994 816 in
1011 741 1138 820 bouins
1164 745 1262 820 oculi
1291 744 1496 822 dissectione
1529 744 1575 821 ab
1605 747 1761 824 humore

447 852 566 927 vitreo
597 845 824 945 crystallinus
855 844 1055 942 separatur,
1096 844 1202 944 saepe
1238 845 1453 936 succedere,
1497 857 1539 922 vt
1578 851 1763 944 quaedam

446 951 664 1031 membrana
679 947 724 1024 ab
740 947 812 1022 hoc
837 945 1022 1022 diuidatur
1047 947 1094 1022 ad
1121 946 1278 1024 sormam
1309 950 1410 1046 plani
1435 948 1638 1038 circularis,
1665 975 1761 1050 quae

445 1053 559 1132 solam
576 1053 674 1144 illius
689 1062 792 1145 tegat
806 1062 948 1146 partem
965 1049 1202 1126 anteriorem.
1256 1051 1400 1128 Eadem
1415 1063 1542 1126 autem
1568 1051 1620 1128 est
1640 1075 1761 1130 mem·

444 1156 619 1246 branula,
647 1152 787 1250 aliquot
801 1150 875 1226 iam
888 1151 1023 1228 abhinc
1036 1151 1143 1228 annis
1158 1153 1490 1250 nomine—coronae
1513 1153 1647 1232 ciliaris
1667 1153 1760 1252 milri

445 1257 558 1344 ditia,
586 1277 698 1356 quam
721 1252 1001 1350 descriptionem
1021 1253 1097 1358 huc
1116 1254 1315 1332 transferre
1338 1281 1413 1331 non
1431 1255 1563 1330 inutile
1589 1256 1660 1331 erit
1683 1258 1759 1348 (i).

323 1397 327 1408 =
445 1363 546 1440 Dum
562 1357 715 1436 enimin
738 1353 855 1431 oculis
871 1354 909 1433 δι
928 1355 1101 1430 humanis
1125 1356 1163 1433 dr
1190 1355 1336 1434 bubulis
1363 1357 1401 1432 in
1424 1351 1759 1434 sabricam'canalis

444 1461 620 1546 Petitiani
635 1457 796 1564 inquiro,
825 1456 966 1532 iteratis
981 1457 1242 1554 experimentis
1267 1459 1416 1534 demum
1443 1458 1594 1534 edatius
1623 1457 1696 1542 sui,
1721 1458 1761 1536 in

445 1566 580 1644 eodem
597 1563 725 1662 plano,
751 1557 812 1633 vbi
827 1581 961 1656 eorpus
977 1559 1102 1636 ciliare
1117 1584 1162 1635 ex
1180 1559 1355 1648 choroide
1370 1559 1603 1659 producitur,
1631 1577 1679 1638 ex
1701 1573 1762 1637 tu·

442 1669 526 1746 nica
538 1668 653 1742 vitrea
668 1659 754 1740 oriri
771 1660 1067 1738 membranulam
1084 1677 1149 1738 aut
1161 1664 1354 1764 zonulam,
1382 1662 1428 1738 ab
1448 1661 1643 1756 illasiatim
1667 1663 1759 1739 libe·

441 1795 541 1857 ram,
567 1769 621 1845 illi
635 1767 725 1843 iicet
739 1763 952 1858 contiguam
962 1817 980 1869 ,Ι
1000 1787 1095 1862 quae
1109 1765 1206 1842 inter
1221 1789 1354 1864 corpus
1377 1767 1538 1841 vitreum
1557 1764 1597 1842 dt
1622 1787 1757 1864 corpus

441 1874 566 1954 ciliare
584 1864 783 1968 progressa,
818 1861 966 1950 sensrm,
993 1888 1067 1962 quo
1096 1867 1244 1964 propius
1274 1869 1322 1942 ad
1351 1867 1493 1944 lentem
1520 1866 1683 1956 accedit,
1711 1889 1757 1941 eo

440 1973 561 2069 magis
583 1989 773 2065 acorpore
800 1965 918 2040 vitreo
946 1965 1177 2056 dimouetur,
1205 1966 1244 2045 ἅ
1271 1969 1308 2044 in
1339 1970 1576 2044 connexitate
1603 1968 1758 2044 demum

318 2105 324 2114 ·
440 2073 616 2168 anteriori
630 2069 741 2146 lentis
756 2066 851 2142 vltra
867 2067 1046 2142 circulum
1061 2070 1265 2146 maxirnum
1279 2070 1446 2172 capsulae
1460 2069 1560 2146 illius
1575 2059 1751 2156 inseritur,

439 2189 481 2258 vt
495 2177 589 2256 adeo
604 2171 761 2275 spatium
783 2166 952 2245 nascatur
973 2171 1140 2246 naturale
1162 2173 1337 2268 exiguum
1361 2171 1586 2270 triangulare
1610 2159 1755 2248 cumili-

438 2302 555 2359 neum
572 2277 668 2352 inter
683 2272 879 2346 humorem
895 2272 1056 2348 vitreum
1071 2274 1109 2350 &
1123 2272 1220 2350 hanc
1236 2277 1350 2355 modo
1372 2277 1506 2351 diuam
1521 2276 1758 2351 membranu-

437 2383 534 2466 lam,
559 2379 665 2457 cuius
680 2372 853 2469 trianguli
868 2370 967 2450 basrn
982 2372 1068 2450 srstit
1080 2375 1142 2451 illa
1159 2379 1278 2475 portio
1296 2375 1542 2454 connexitatis
1563 2375 1757 2454 anterioris

436 2484 550 2564 lentis
563 2481 660 2558 inler
678 2477 856 2553 circulum
872 2474 1078 2553 maximum
1092 2477 1130 2556 u
1151 2479 1388 2557 insertionem
1418 2481 1498 2556 eius
1521 2477 1758 2556 membrano·

435 2587 496 2667 lae
511 2579 741 2661 intermedia.
796 2578 861 2654 llla
877 2591 1003 2652 autem
1019 2582 1153 2654 zonula
1168 2605 1189 2654 a
1205 2582 1321 2678 prima
1338 2582 1480 2676 origine
1499 2607 1544 2656 ex
1561 2583 1685 2658 tunica
1700 2581 1754 2655 vi·

433 2691 517 2766 'trea
531 2688 577 2762 ad
591 2681 825 2761 insertionem
847 2679 885 2752 in
908 2678 1050 2754 lentem
1072 2701 1190 2778 usque
1218 2685 1444 2778 percurritur
1468 2683 1572 2756 libris
1596 2682 1756 2756 fortiori·

435 2793 526 2880 bus,
551 2779 784 2867 transuersis,
813 2779 850 2858 lle
877 2779 949 2877 ipsa
976 2780 1193 2856 membrana
1227 2783 1346 2859 multo
1380 2782 1626 2869 breuioribus,
1655 2787 1752 2882 quae

434 2895 538 2974 illam
555 2915 619 2990 per
633 2883 827 2963 interualla
843 2879 890 2955 fic
906 2880 1087 2977 stringunt
1101 2883 1152 2961 &2
1163 2885 1405 2968 contrahunt,
1431 2897 1490 2971 vt,
1519 2907 1583 2982 per
1602 2886 1756 2962 vulnus·

435 2995 561 3086 culum
577 2985 856 3069 membranulae
871 2983 1132 3071 illiiniliti'um,
1161 2985 1321 3080 -llatu'in
1347 2985 1502 3085 spatium
1527 2987 1618 3062 illud
1642 2975 1755 3063 triari-

434 3100 564 3198 gulare
583 3087 758 3175 immisso,
785 3085 923 3164 canalis
948 3084 983 3161 se
1004 3083 1097 3162 fluat
1117 3089 1333 3174 continuus,
1363 3090 1566 3168 &¹1entem
1590 3089 1753 3189 undique

435 3201 622 3285 ambiens,
651 3189 773 3292 spatiis
796 3189 948 3266 alternis
969 3187 1124 3264 immisso
1147 3189 1237 3267 llatu
1259 3191 1514 3287 turgentibus,
1550 3191 1752 3270 &contra-

436 3303 517 3392 uis,
546 3299 626 3400 qui,
660 3293 685 3371 sr
711 3292 1024 3394 comparationem
1047 3292 1235 3368 instituere
1256 3295 1383 3383 liceat,
1411 3295 1566 3391 liguram
1590 3294 1668 3371 fere
1689 3315 1754 3372 ex·

432 3407 593 3508 primere
609 3399 755 3475 videtur
768 3394 928 3471 intellini
943 3393 1015 3469 cdli
1029 3390 1121 3470 slata
1137 3397 1287 3493 repleti,
1314 3421 1335 3472 a
1355 3397 1567 3491 ligamentis
1589 3395 1751 3493 longitu-

436 3505 618 3584 dinalibus
631 3498 802 3577 intestino
816 3495 1045 3574 breuioribus
1060 3497 1100 3571 in
1120 3515 1230 3594 rugas
1253 3499 1444 3574 contrastie
1491 3499 1750 3580 Membranuln

435 3611 588 3685 demum
603 3604 666 3680 illa
681 3622 840 3677 coronae
855 3597 1010 3687 ciliaris,
1044 3597 1146 3675 libris
1167 3599 1396 3677 breuioribus
1419 3601 1581 3678 dillinsia
1598 3601 1636 3680 dr
1659 3599 1750 3677 flatu

433 3723 587 3808 recepto
601 3706 766 3792 eleuata,
791 3714 920 3778 tenera
937 3700 1044 3792 licet,
1070 3700 1150 3776 eius
1167 3715 1294 3777 tamen
1323 3703 1463 3780 roboris
1490 3703 1528 3778 in
1558 3704 1666 3779 oculo
1694 3727 1753 3780 re·

434 3807 534 3891 cenis
550 3808 620 3897 est,
645 3819 687 3882 vt
703 3803 931 3880 inflationem
947 3801 985 3878 in
1003 3805 1257 3901 experimento
1272 3805 1468 3905 aliquoties
1488 3807 1621 3882 iterato
1640 3805 1749 3882 sacile

432 3915 626 3996 sustineam
673 3905 927 4006 experimento
950 3917 1077 3981 antem
1109 3903 1252 4005 saepius
1278 3910 1457 4007 repetito,
1483 3907 1544 3984 vel
1572 3910 1610 3982 in
1640 3907 1752 3984 oculo

433 4021 575 4122 aliquot
589 4014 744 4090 demum
758 4009 839 4086 dies
851 4009 930 4112 posi
943 4021 1107 4086 mortem
1119 4031 1165 4088 ex
1182 4031 1336 4110 corpore
1350 4005 1494 4097 euulsa,
1521 4007 1629 4086 sacile
1650 4033 1752 4086 rum·

580 4137 584 4146 '
1635 4113 1747 4212 pitur.

472 4319 531 4404 (¹⁸)
551 4315 648 4404 spat.
664 4315 704 4386 Χ
707 4317 741 4390 V
740 4313 788 4384 ῙῙ·
807 4315 903 4404 §.ab
1112 4315 1294 4481 aasabim&
1307 4315 1426 4468 'illm
1453 4313 1491 4408 tlt
1514 4312 1751 4413 1131111111ιᾶ-
