4082 5258
359 409 368 428 '
476 427 603 502 {eun
622 433 698 501 ιν
724 413 1140 499 on'rvurouuerron.
1162 439 1221 498 nu
1239 441 1389 500 ruint.
1516 438 1583 524 'ut'

267 635 406 713 rtrum,
434 635 540 722 tergo
553 624 656 702 iridis
669 623 824 711 illitum,
861 621 1022 700 multum
1037 634 1137 699 certe
1154 625 1275 703 facere
1297 625 1446 702 ridetur
1466 623 1512 700 ud
1527 623 1583 702 di-

263 727 477 806 uerlitdtem
494 729 596 805 illum
613 725 779 804 colorum
797 725 888 824 (g),
916 725 1033 822 quod.
1062 749 1127 822 per
1141 725 1336 806 interualla
1349 727 1448 804 inter
1468 725 1581 804 fibrae

261 829 554 925 longitudinales'
574 828 727 918 relide,
765 827 803 905 dr
832 828 1039 932 tenuiorem
1069 826 1242 904 fabricam
1270 829 1398 906 annuli
1427 830 1582 905 minoris

264 934 402 1034 melius
417 932 639 1017 translucet.
667 943 708 1005 vt
730 929 862 1005 eadem
884 927 966 1004 loca
993 928 1089 1004 hanc
1115 929 1164 1004 ob
1186 931 1329 1006 causam
1359 929 1582 1008 satrrratioris

260 1033 407 1131 semper
423 1031 643 1110 coloris·elle
659 1032 864 1122 videantur.
919 1031 1025 1108 illum
1047 1043 1174 1112 autern
1191 1053 1273 1108 rem
1294 1030 1341 1108 src
1362 1031 1399 1106 se
1419 1031 1575 1120 habere,

261 1134 473 1212 obseruatio
484 1133 626 1232 saepirrs
647 1133 805 1230 repetita
827 1131 918 1210 mihi
943 1129 1153 1230 persuadet,
1181 1157 1255 1232 qua
1278 1133 1454 1220 constitit,
1481 1135 1580 1214 mul·

251 1245 343 1313 -turn
359 1236 511 1314 omnino
525 1237 574 1312 de
592 1235 864 1333 pulchritudine
880 1234 1046 1314 colorum
1060 1233 1162 1310 iridis
1183 1236 1384 1325 decedere,
1417 1235 1577 1335 illosque

262 1338 407 1416 colores
423 1335 503 1415 iere
524 1336 763 1426 euanescere,
791 1333 816 1415 sr
842 1334 1072 1433 pigmentum
1094 1335 1187 1412 illud
1206 1336 1355 1432 nigrum
1377 1337 1577 1416 abstersum

257 1438 373 1518 fuerit
387 1438 476 1534 (u).
503 1440 556 1516 vti
571 1439 717 1516 nullum
733 1458 884 1536 quoque
896 1437 995 1517 illius
1009 1437 1200 1532 uestigium
1217 1439 1394 1537 superest,.
1413 1439 1437 1514 sr
1453 1440 1580 1524 vascu-

260 1541 298 1618 lu
320 1541 475 1619 materia
499 1563 649 1620 eeraoen
671 1540 812 1637 repleta
840 1536 989 1616 suerint.
1049 1541 1146 1624 Quin
1170 1539 1216 1616 ab
1237 1542 1368 1620 eadem
1390 1541 1577 1641 inaequali

199 1651 207 1658 '
255 1641 415 1720 oraisrtie
428 1642 530 1718 iridis
537 1639 548 1728 ᾖ
576 1643 614 1722 u
629 1639 941 1740 pigmentonigro
956 1639 1029 1716 alio
1044 1639 1082 1716 in
1104 1641 1186 1716 loco
1209 1641 1310 1740 plus,
1343 1643 1381 1718 in
1407 1644 1479 1720 alio
1505 1644 1576 1732 mi·

259 1767 332 1820 nus
358 1744 589 1840 pellucente,
616 1743 782 1840 inprimis
803 1745 1047 1840 repetendam
1073 1740 1144 1818 elie
1171 1742 1302 1818 censeo
1331 1744 1369 1818 in
1395 1746 1575 1824 verietate

113 1839 119 1848 ’
253 1843 453 1922 hominum
481 1843 730 1922 diuerfitatem
753 1843 930 1920 colorum.
974 1843 1125 1918 omnes
1154 1845 1306 1940 quidem
1335 1845 1433 1922 oculi
1459 1847 1497 1922 in
1526 1871 1574 1924 ee

258 1947 516 2033 conueniunt,'
534 1945 635 2045 quod
649 1945 764 2022 librae
781 1941 1003 2026 meliusculae
1023 1943 1124 2044 iridie
1147 1945 1309 2024 dilutiori
1332 1948 1455 2024 oolore
1482 1969 1573 2044 gnu-

256 2047 391 2146 deant,
413 2049 451 2128 dr
463 2047 666 2131 interuallo
676 2046 878 2126 [annueri
893 2046 1017 2130 colore
1031 2045 1141 2124 tiultu
1158 2047 1329 2124 albedine
1345 2047 1406 2126 lua
1422 2050 1572 2146 egregie

253 2150 498 2244 distinguente
531 2151 642 2231 ineo
661 2161 789 2226 tumen
812 2146 1007 2237 differunt,
1035 2149 1200 2244 quodin
1232 2149 1314 2230 aliis
1338 2153 1440 2228 color
1468 2151 1571 2232 iridis

251 2251 377 2346 magis
391 2250 439 2326 ad
456 2247 598 2324 fuscum
615 2261 743 2344 vergat
764 2250 944 2333 colorem.
973 2249 1074 2345 quud
1093 2249 1288 2326 hominurn
1311 2249 1438 2346 genus'
1455 2253 1581 2347 nigris·

256 2352 329 2430 elie
345 2353 463 2442 oeulis
477 2351 600 2430 dicere
616 2348 749 2434 solent,
778 2350 815 2425 io
832 2349 914 2426 aliis
929 2347 1079 2446 propius
1095 2350 1143 2424 ad
1159 2348 1318 2427 cresium
1342 2351 1379 2430 δι
1404 2354 1573 2430 coerule-

257 2477 324 2532 um
342 2454 496 2533 accedat
510 2450 573 2545 (r).
625 2450 758 2532 inillis
774 2473 881 2546 ergo,
909 2450 969 2548 qui
984 2448 1102 2526 fuscos
1117 2449 1155 2528 du
1176 2452 1301 2546 nigros
1327 2453 1456 2528 oculos
1475 2453 1570 2532 obti-

251 2569 367 2642 nent,
394 2555 457 2640 iris
474 2577 522 2628 ex
539 2551 712 2630 subtiliori
734 2550 976 2630 oellulosrtate
1000 2549 1159 2628 conflata
1182 2551 1252 2630 elie
1273 2553 1440 2646 videtur,
1472 2579 1569 2654 quae

253 2657 486 2752 nigredinem
502 2655 595 2749 tergi
609 2655 711 2730 iridis
726 2655 863 2732 melius
875 2653 1113 2736 transmittite
1140 2653 1178 2730 in
1197 2653 1323 2733 eeefiis
1337 2670 1466 2734 autem
1480 2679 1569 2736 ocu·

253 2761 317 2847 lis,
332 2757 517 2841 scelluioiu
532 2771 678 2832 textura
693 2757 821 2834 fortior
837 2753 1065 2835 &robustior
1087 2754 1293 2848 suscitatem
1315 2759 1447 2834 coloris
1470 2759 1568 2836 fruu-

255 2859 330 2956 git,
356 2859 395 2938 dr
410 2859 620 2936 dilutiorern
636 2859 768 2937 reddit.
822 2858 899 2934 Sed
913 2881 1037 2957 neque
1052 2879 1133 2934 rura
1156 2859 1239 2936 lunt
1260 2861 1429 2959 exempla
1447 2861 1566 2938 homi·

255 2982 366 3046 num,
393 2985 489 3060 quae
501 2960 634 3037 iridem
655 2958 792 3058 duplici
814 2959 958 3050 colore,
996 2958 1096 3034 tusco
1117 2961 1156 3040 dr
1179 2960 1312 3054 caelio,
1338 2962 1569 3060 gaudentem

253 3060 410 3156 hebent,
438 3062 539 3166 quod
553 3059 681 3144 erebra
698 3059 925 3162 experientia
938 3083 1001 3140 nie
1016 3059 1143 3142 docuit
1159 3061 1233 3162 (k).

1441 3627 1477 3724 l·
1499 3605 1565 3711 Vl.

259 3974 264 3985 ·
297 3931 365 4015 (ἱ)
387 3931 474 4000 idern
507 3931 569 3998 iem
602 3933 729 4001 monuit
761 3933 888 4001 an
930 3949 1020 4010 nor,
1050 3932 1182 4009 incerte.
1210 3931 1300 3998 color
1323 3930 1413 3998 idel·
1433 3927 1565 3994 euleu

257 4011 712 4100 rreu.Ac.uoy.Poe.17ar.
733 4029 828 4100 mo.
929 4011 1097 4081 rillofitrte
1114 4013 1397 4093 penderevidetur.

971 4098 1028 4178 (i)
1050 4095 1141 4161 Conl'.
1168 4095 1208 4160 de
1234 4092 1385 4158 varietate
1417 4091 1562 4156 noloruu

296 4174 351 4272 (ir)
372 4173 554 4274 ‚¹⁰‚fflfllfi8‘
567 4186 672 4244 umen
694 4175 890 4256 inimemor,
932 4175 984 4244 De
997 4173 1194 4274 ardorello.
1203 4173 1327 4240 dolini.
1343 4173 1380 4238 Τ.
1392 4167 1440 4238 11.
1451 4185 1560 4318 ortuo.

266 4273 398 4338 nprrrnrr
414 4257 544 4353 unuln,
566 4279 646 4344 qure
664 4261 775 4326 iridem
800 4259 920 4323 micis·
992 4260 1025 4344 i)
1054 4257 1164 4355 Simile
1182 4255 1278 4322 hebet
1296 4253 1476 4340 emplum
1521 4267 1564 4320 o·
1686 4307 1692 4318 .

256 4335 325 4408 lore
338 4355 441 4408 amu
455 4335 796 4424 meloduni-brut,
815 4339 893 4408 vtio
932 4351 1011 4422 η’,
1032 4337 1114 4428 Duff.
1131 4339 1181 4410 cll.
1193 4354 1288 4426 Μο.
