4094 5262
361 382 369 392 '
499 385 550 464 aa
708 401 994 480 nnccnranro
1022 402 1246 484 arni-coac.⁸
1265 401 1633 482 obarmemur

502 585 682 666 circulum
709 588 816 668 illum
834 613 909 666 non
923 585 1086 684 vndique
1101 586 1318 662 continuum
1337 584 1578 690 clausumque
1595 593 1667 675 effe
1678 595 1739 692 (i),
1755 619 1831 684 nc·

501 711 576 792 que
592 717 724 771 omnes
740 691 929 770 arteriolas
948 711 1013 784 per
1029 709 1137 764 arcus
1153 687 1249 764 inter
1260 687 1296 764 se
1312 689 1424 793 coire,
1440 713 1595 789 quarum
1611 714 1715 778 certe
1728 701 1825 786 sem.

502 818 569 894 per
585 796 774 896 plurimae,
792 789 970 868 circulum
987 788 1092 864 illum
1109 789 1292 886 minorem
1308 793 1726 888 praetergredientem
1737 815 1819 896 tan·

502 909 585 974 tum
609 895 828 996 quibusdam
850 891 1066 968 lateralibus
1084 887 1423 994 emilliacontinuo
1440 900 1620 978 annulum
1635 903 1825 998 minorem

504 999 661 1080 adeunt;
679 998 715 1074 dc
731 997 785 1072 lll.
808 1015 1055 1094 nannenus
1066 989 1208 1094 (l)iana
1223 983 1381 1098 monuit}
1396 1019 1588 1100 nunquam
1607 1006 1734 1085 omnia
1748 1005 1829 1084 aas.

504 1101 588 1179 cula
613 1099 713 1174 iridis
742 1097 781 1173 in
823 1119 940 1172 vnum
973 1095 1151 1172 circulum
1176 1095 1350 1171 adoram
1372 1095 1556 1178 internam
1598 1108 1727 1182 annuli
1750 1110 1830 1185 ma.

503 1202 592 1280 ioris
614 1213 794 1297 tanquam
830 1197 1105 1299 receptaculum
1139 1219 1339 1276 commune
1378 1199 1554 1304 coniungi
1583 1205 1632 1288 dc·
1654 1207 1828 1300 immitti.

503 1303 602 1382 vnde
622 1302 755 1382 ramuli
776 1302 904 1382 annuli
924 1299 1078 1380 minoris
1111 1297 1286 1382 oriantur.

608 1531 666 1612 Er
681 1529 919 1612 connexitate
940 1553 1028 1628 ergo
1045 1551 1219 1618 arcuum,
1236 1553 1260 1608 a
1275 1527 1429 1628 vasculis
1443 1518 1547 1620 iridis
1566 1533 1826 1634 formatonrm

505 1635 545 1714 cr
570 1659 592 1712 a
616 1636 770 1714 vasculis
805 1636 971 1714 solitariis
999 1630 1137 1710 circulo
1168 1655 1243 1708 non
1277 1634 1409 1725 unitis,
1447 1637 1633 1716 innumeri
1656 1639 1828 1716 oriuntur

504 1737 654 1824 surculi,
693 1761 852 1835 quomm
877 1736 1068 1836 pauciores
1090 1747 1191 1810 certe
1222 1733 1319 1812 reda
1350 1735 1474 1816 versus
1511 1753 1682 1816 centrum
1707 1737 1830 1836 pupil·

503 1839 577 1918 lae*
594 1839 771 1924 tendunt,
795 1839 856 1914 sed
879 1837 1026 1936 plurimi
1049 1833 1096 1909 ad
1118 1833 1338 1911 alterutrum
1353 1837 1452 1914 latus
1475 1837 1511 1915 se
1536 1839 1757 1932 debeilunt,
1776 1839 1827 1924 dc.

504 1941 638 2022 itinere
662 1962 748 2016 cum
762 1939 878 2014 limbo
902 1938 1002 2013 iridis
1027 1935 1221 2032 parallelo,
1245 1935 1284 2012 in
1298 1937 1425 2030 annuli
1444 1941 1830 2036 modumcircumdu·

506 2043 572 2133 ui,
594 2065 703 2118 oram
727 2041 941 2118 interiorem
969 2037 1071 2112 iridis
1089 2037 1222 2134 legunt
1242 2035 1280 2116 br
1297 2053 1520 2142 perreptant.
1625 2041 1828 2122 Vasculum

507 2144 691 2229 eiusmodi
717 2142 895 2221 annulare
918 2143 957 2218 ln
971 2139 1103 2216 itinere
1126 2138 1304 2238 plurimos
1325 2143 1459 2240 accipit
1477 2143 1641 2222 ramulos
1655 2141 1701 2223 ab
1719 2167 1828 2223 arcu·

507 2244 596 2332 bus,
625 2268 719 2345 quos
746 2241 982 2341 praeterlegit
1004 2240 1042 2318 dc
1066 2239 1111 2324 ab
1131 2239 1310 2316 arteriolis
1339 2243 1463 2330 retus,
1488 2245 1700 2324 &demum
1730 2245 1828 2322 inse·

505 2349 622 2434 titur,
661 2344 696 2422 si·
710 2368 775 2446 per
806 2343 957 2442 aliquod
979 2342 1218 2420 interuallum
1242 2343 1466 2440 procellerit,
1490 2341 1595 2424 fimili
1623 2347 1768 2426 vasculo
1779 2371 1829 2426 ex

506 2449 646 2531 annulo
672 2441 802 2526 maiori
829 2445 981 2524 adeunti
1008 2446 1046 2524 dr
1072 2443 1167 2520 circa
1182 2445 1361 2522 ambitum
1383 2447 1485 2522 iridis
1507 2449 1628 2526 dutlo.
1732 2449 1827 2548 Sae-

506 2573 556 2654 pe
584 2552 624 2640 in
650 2549 789 2626 annulo
814 2550 879 2646 illo
902 2547 1037 2626 minori
1062 2547 1137 2622 duo
1178 2547 1296 2646 triaue
1330 2542 1512 2624 eilumodi
1545 2549 1689 2630 vascula
1720 2575 1829 2648 orant

498 2651 671 2754 pupillae
696 2651 880 2748 legentia,
905 2647 1079 2748 parallelo
1101 2647 1197 2722 inter
1221 2645 1295 2723 sele
1316 2647 1518 2737 incedunt,
1540 2653 1577 2730 dr
1608 2677 1684 2727 non
1706 2653 1830 2731 solum

350 2785 355 2798 ‘
506 2754 636 2850 multia
662 2752 824 2833 ramulis¹
849 2747 1053 2849 minoribus
1089 2747 1186 2824 inter
1212 2745 1248 2823 se
1293 2747 1537 2828 anastomoses
1566 2744 1729 2840 faciunt,
1765 2753 1830 2832 sed

508 2857 546 2934 u
564 2855 727 2932 surculos
755 2853 873 2930 rados
894 2849 1019 2928 versus
1035 2862 1204 2926 centrum
1220 2849 1380 2950 pupillae
1394 2853 1566 2932 emittunt
1593 2851 1667 2952 (l).
1703 2839 1830 2934 ¹Non-

506 2983 557 3036 ne
583 2955 758 3044 credibile
789 2955 867 3046 est,
896 2951 1162 3040 Anatomicos,
1202 2952 1257 3028 vti
1295 2977 1594 3048 avunculum,
1627 2979 1829 3034 uarsrn·

512 3087 611 3140 nvrr
642 3058 680 3136 dt
709 3057 823 3148 alioS,
857 3055 920 3156 qui
944 3053 1054 3130 libras
1078 3051 1302 3129 orbiculares
1330 3055 1424 3130 circa
1455 3057 1633 3134 ambitum
1663 3057 1830 3158 pupillae

507 3159 635 3242 dulles
657 3156 720 3237 fibi
740 3159 833 3235 visas
864 3151 966 3232 fuisse
981 3154 1183 3242 affirmant,
1205 3153 1361 3256 illasque
1377 3181 1444 3256 pro
1462 3156 1672 3237 musculofis
1693 3163 1831 3241 descri-

506 3263 618 3352 bunt,
641 3261 792 3340 obscure
817 3260 917 3338 forte
936 3259 975 3334 in
998 3258 1124 3341 oculo,
1157 3259 1264 3336 cuius
1282 3259 1425 3337 vascula
1450 3287 1525 3341 non
1547 3262 1632 3339 latis
1647 3279 1828 3344 erantre-

507 3369 626 3470 plera,
650 3363 843 3441 arteriolas
864 3361 947 3437 illas
973 3359 1153 3436 annulum
1181 3361 1365 3436 minorem
1387 3377 1662 3461 perreptantes,
1687 3365 1726 3445 dc
1759 3393 1827 3446 an.

509 3471 660 3548 nulares
681 3467 760 3544 fere
787 3461 998 3543 obseruaffe.
1103 3464 1147 3538 ln
1173 3459 1253 3538 fetu
1273 3461 1347 3562 ipsa
1374 3463 1518 3558 vascula
1541 3467 1642 3544 iridis
1670 3469 1765 3544 vltra
1781 3493 1826 3545 n-

507 3591 587 3651 ram
643 3567 778 3667 upillae
804 3566 979 3669 producta
1004 3571 1085 3641 rete
1111 3563 1253 3640 iaciunt
1286 3564 1326 3640 in
1365 3565 1621 3644 membranula
1650 3565 1697 3646 fic
1725 3571 1825 3650 ditia
1908 3633 1915 3640 .

508 3671 596 3778 pup'
625 3672 696 3761 ari,
729 3693 826 3772 qnae
851 3669 900 3748 ad
925 3665 1123 3770 septimum
1150 3689 1267 3768 usque
1293 3665 1458 3754 mensem
1473 3671 1650 3772 pupillam
1668 3673 1824 3792 claudit,

529 3805 534 3819 ·
581 3802 587 3812 ·
1386 3816 1389 3827 ·
1537 3807 1541 3815 ¹
1710 3797 1821 3854 curua

546 3971 605 4060 (i)
627 3967 771 4044 Clodium
796 3975 936 4060 Vndique
952 3896 1054 4043 lllnln¹
1067 3975 1140 4121 nin·
1220 3918 1268 4050 tl)
1306 3908 1413 4119 Πιζῇ.
1447 3981 1540 4041 aner.
1574 3977 1663 4044 ocati.
1704 3995 1737 4062 ρ.
1763 3991 1819 4062 47.

1372 4055 1508 4121 istoriam
1536 4053 1687 4125 luliorcrn
1719 4059 1820 4128 huon

507 4153 568 4206 ta!
585 4141 730 4240 Tllldl.
747 4137 1140 4238 Tadkfidfflthoml·
1180 4133 1290 4202 circuli
1317 4137 1459 4209 minori&

502 4221 936 4389 l‘sslll.⁰''''·³¹¹¹‘““
949 4207 1149 4392 mm
1220 4297 1281 4388 rr>
1300 4243 1376 4375 nc
1391 4238 1585 4390 ¹roma,
1599 4244 1711 4387 ran
1724 4321 1759 4384 a.

504 4059 554 4125 xlt
581 4069 812 4126 nvascarvr
840 4076 880 4124 ex
908 4059 1005 4124 oculo
1036 4059 1139 4122 bara
1178 4053 1231 4119 vbi
1253 4053 1325 4120 vide
