4064 5260
498 497 733 556 carrxm.
766 491 1308 564 DB'VIISLACRYMRW.
1368 501 1379 552 ἶ
1504 507 1581 584 133

249 681 381 762 duilus
396 680 604 764 communie
619 681 669 762 ad
683 681 829 762 sarcum
852 681 1014 762 nasalem
1034 684 1287 786 progreditur,
1321 687 1360 766 dr
1380 690 1420 767 in
1441 689 1584 772 faeiem·

249 789 474 866 anteriorem
491 787 583 864 sacci
598 788 650 864 ita
667 787 855 877 inseritur,
882 799 924 866 vt
937 788 1022 866 latis
1035 811 1171 888 magna
1186 815 1270 892 pars
1285 791 1447 882 interior.
1464 797 1575 874 oculo

222 892 414 992 propior,
442 890 536 969 infra
560 891 663 968 illam
684 890 920 969 insertionem
943 893 1170 994 prominente
1207 895 1261 971 vti
1283 894 1388 992 supra
1410 895 1577 976 insertio-

246 1017 337 1070 nem
352 995 476 1071 saccus
494 995 610 1072 finem
627 1017 782 1073 coecum
798 994 921 1074 habet
976 999 1156 1076 Constant
1170 1009 1298 1074 autern
1314 997 1368 1074 illi
1382 1003 1577 1078 canaliculi

223 1117 296 1202 „ex
312 1097 528 1175 membrana
543 1097 767 1185 tenuillima‚
795 1099 896 1175 intus
914 1099 995 1176 alba
1014 1101 1052 1178 dr
1067 1101 1185 1184 laeui;
1213 1103 1250 1177 in
1268 1125 1338 1200 qua
1355 1101 1418 1178 etsi
1438 1103 1502 1180 hic
1523 1105 1576 1182 illi

247 1201 369 1300 poruli
401 1199 546 1278 minimi
578 1199 698 1279 adelse
713 1203 927 1285 videantur,
955 1204 1118 1285 multum
1133 1218 1261 1285 tumen
1276 1203 1435 1286 differta
1450 1208 1577 1287 tunica

246 1301 413 1396 iuterna,
439 1305 568 1394 rubra,
595 1307 746 1408 pulposa
762 1304 855 1388 sacci
868 1303 1012 1387 nasalis.
1378 1307 1385 1318 ’

701 1601 1116 1856 Socrui-logmata.

336 1937 370 2010 ἡ
400 1907 542 1990 Saccus
555 1907 768 2008 lacrymalis
783 1934 922 2011 nempe
938 1912 1072 1990 dicitur
1087 1910 1364 2012 receptaculum
1373 1911 1576 2015 oblongum
1691 1975 1696 1980 -

245 2009 347 2092 obuli
362 2009 441 2089 fere
457 2013 592 2108 figura,
620 2011 728 2120 litum
743 2015 782 2087 in
798 2013 896 2089 sulco
920 2013 1016 2090 olleo
1038 2016 1204 2192 proprio,
1219 2033 1280 2092 'ex
1299 2016 1386 2093 folla
1407 2018 1488 2094 offis
1508 2043 1576 2096 vn·

246 2117 330 2210 guis
345 2114 383 2191 dr
399 2113 561 2212 procella
579 2114 727 2190 frontali
741 2113 822 2190 ollis
837 2117 1037 2191 maxillaris
1057 2118 1091 2192 sa
1129 2143 1172 2204 o,
1199 2120 1344 2216 utrique
1364 2117 1425 2195 olli
1448 2120 1577 2198 firmis·

185 2266 189 2276 ·
245 2213 336 2291 sime
355 2238 535 2291 annexus.
590 2217 701 2291 Latet
714 2215 810 2293 intra
825 2215 863 2291 dr
880 2230 979 2292 retro
994 2219 1201 2293 musculum
1216 2219 1459 2296 orbicularem
1476 2224 1576 2298 eius·

246 2341 320 2419 que
333 2318 598 2416 ligamentum,
625 2317 732 2410 cuius
747 2315 902 2394 musculi
916 2318 1058 2396 multae
1075 2316 1189 2396 librae
1203 2318 1256 2396 illi
1277 2321 1422 2398 adnasci
1446 2324 1575 2400 viden-

243 2431 317 2502 tur.
371 2421 432 2502 Ab
454 2421 630 2499 anteriori
650 2443 787 2522 nempe
815 2421 909 2498 facie
938 2419 1137 2500 obducitur
1163 2421 1306 2501 fortiori
1331 2423 1584 2520 ligamentosn'

243 2523 484 2617 membrana,
507 2526 571 2604 cui
585 2524 774 2602 musculus
785 2517 1016 2616 insternitur,
1043 2547 1117 2628 qua
1137 2537 1285 2602 remota
1303 2548 1394 2604 vera
1416 2527 1575 2606 demum

244 2629 363 2726 ligura
378 2627 470 2705 sacci
483 2625 615 2732 nasalis
630 2627 669 2704 in
684 2625 916 2732 conlpellurn
940 2627 1056 2704 venit.
1117 2627 1196 2728 lple
1217 2629 1319 2705 enim
1340 2627 1466 2707 saccus
1492 2654 1576 2731 pro-

243 2735 322 2832 prie
337 2731 532 2808 conficitur
548 2754 594 2810 ex
608 2732 832 2810 membrana·
843 2731 1018 2807 exteriori
1035 2733 1162 2822 tenui,
1196 2753 1358 2824 aeruca,
1391 2734 1494 2822 alba,
1532 2733 1576 2813 dc

244 2835 317 2912 alia
342 2835 520 2911 distinlla·
536 2833 720 2916 interiori,
746 2832 871 2914 rubra,
898 2831 1082 2938 vasculosa
1111 2833 1281 2934 pulpam,
1318 2856 1408 2911 vera
1433 2859 1574 2934 nempe

244 2937 526 3012 continuatione
542 2935 782 3008 membranae
800 2934 1028 3030 pituitariae,
1054 2935 1108 3009 vti
1121 2934 1239 3032 ipsum
1255 2955 1406 3034 quoque
1425 2937 1572 3016 saccum

130 3037 164 3064 '¹
244 3059 359 3114 muco
375 3035 487 3112 nalali
502 3035 687 3137 repletum
707 3034 895 3112 interdurn
928 3034 1016 3119 uidi.
1079 3036 1232 3134 Optime
1262 3036 1381 3134 ligura
1415 3039 1457 3117 dr
1482 3037 1572 3116 fitus

245 3139 357 3220 huius
372 3139 463 3216 sacci
479 3143 648 3237 apparet,
675 3133 804 3215 llicera
819 3159 887 3238 per
902 3137 1084 3214 orificium
1094 3135 1249 3217 *turnus
1265 3139 1431 3240 repletus
1444 3140 1571 3234 fuerit,

247 3266 323 3344 qua
338 3241 651 3320 administratione
664 3239 750 3318 usus
773 3240 887 3318 semel
906 3241 1049 3341 optime
1070 3241 1205 3320 miram
1223 3241 1381 3344 aliisque
1400 3243 1572 3321 nondum

247 3347 383 3434 didiarn
396 3344 571 3422 fabricam
588 3343 649 3422 hic
666 3343 761 3420 mihi
775 3344 901 3422 videre
915 3344 1083 3440 contigit.
1133 3347 1192 3424 Ex
1207 3344 1324 3421 hocce
1338 3346 1440 3426 enim
1457 3346 1572 3433 sacco,

248 3450 307 3536 u,
334 3447 612 3534 educebatur,
639 3472 687 3523 ex
703 3445 778 3546 ipio
794 3447 906 3522 dullu
924 3447 1118 3524 communi
1137 3447 1448 3540 canaliculorum‚
1474 3449 1574 3527 mul·

245 3563 286 3630 ta
300 3551 496 3650 prodibant
509 3549 673 3636 vascula,
701 3571 861 3650 quorum
876 3549 1056 3626 nonnulla
1068 3573 1144 3626 non
1159 3550 1256 3630 adeo
1273 3575 1390 3650 parua
1406 3551 1569 3638 fuerunt,

244 3677 333 3732 cera
345 3655 474 3736 itidem
490 3653 619 3753 plena,
645 3659 742 3753 quae
757 3677 824 3752 per
846 3651 1081 3728 membranas
1093 3653 1234 3731 vicinas
1255 3653 1422 3732 ludentia
1442 3653 1570 3730 uersus

244 3771 440 3858 utramque
455 3757 666 3856 palpebram
682 3755 943 3840 decurrebant.
972 3755 1011 3830 in
1026 3755 1157 3834 itinere
1173 3757 1210 3833 in
1227 3757 1428 3833 nonnullos
1447 3757 1569 3834 mino·

245 3883 307 3936 res
322 3861 486 3940 ramulos
500 3859 625 3936 diuisa.
659 3899 660 3904 Ν
677 3855 809 3936 Finem
824 3872 950 3936 tamen
961 3872 1110 3936 certum
1133 3858 1282 3940 illorum
1295 3860 1474 3958 detegere
1491 3883 1569 3938 non

244 3963 364 4063 potui.
414 3961 568 4063 vascula
584 3960 786 4054 languifera
799 3959 934 4040 venosa
948 3961 1032 4064 quis
1055 3963 1210 4050 dixerit,
1235 3984 1323 4037 curn
1341 3963 1384 4041 in
1403 3973 1485 4039 toto
1506 3985 1568 4036 ca-

245 4064 325 4166 pite
343 4062 440 4140 lolus
456 4065 588 4141 durius
603 4063 815 4170 lacrymalis
827 4064 914 4140 ce'ra
934 4065 1099 4168 repletus
1122 4060 1251 4141 fuisset.
1329 4062 1469 4142 Annon
1493 4061 1568 4140 ell'e

244 4167 421 4244 videntur
435 4163 533 4246 linus
550 4165 731 4250 minores,
758 4164 795 4240 in
813 4165 1069 4263 palpebrarum
1084 4165 1217 4242 faciem
1239 4164 1423 4256 internam
1438 4179 1568 4264 paten-

103 4329 114 4348 ,
244 4279 324 4356 tes,-
352 4267 503 4370 quibus,
538 4281 686 4366 praeter
708 4267 842 4364 puritia
863 4269 1094 4373 lacrymalia,
1125 4289 1212 4363 pars
1234 4266 1292 4344 tao
1401 4292 1482 4346 rum
1509 4292 1567 4345 re·

245 4372 367 4476 sorpta
380 4373 418 4450 in
433 4369 578 4450 saccum
592 4367 808 4448 transcolari
815 4419 826 4460 ,
850 4369 1040 4548 &Gdeferri
1052 4367 1182 4468 potest.
1230 4361 1302 4469 ⁴No
1351 4394 1481 4450 acum
1496 4370 1566 4548 fb·
1688 4405 1693 4416 ·

265 4495 297 4532 ἰ
401 4522 407 4530 -
922 4493 948 4567 g
1511 4497 1567 4552 er·
