4084 5256
460 379 542 474 ani
671 357 1356 456 nnsinrntr'o'iirlronr.ocvt1
1382 339 1582 452 rr'vrrnrrr
1695 463 1701 468 ¹

369 590 374 599 '
464 583 627 685 primurn
642 575 833 658 arcu'iatlo
843 579 890 659 ad
904 579 1017 659 trium
1032 579 1214 658 linearum
1227 579 1499 678 longitudinem
1513 582 1553 661 ἀ
1566 580 1661 662 vltra
1669 597 1793 664 trans·

467 685 561 762 uersr
577 709 643 786 per
656 684 871 762 choroidem
894 685 1091 768 incedunt,
1117 683 1156 762 &
1183 683 1271 759 inde
1293 685 1449 760 demum
1474 686 1672 764 retrorsum
1697 691 1792 768 flexi

466 788 566 867 rena
579 787 853 866 viadenfilfime
868 787 1048 883 congelli,
1082 785 1121 863 ἀ
1138 785 1235 862 inter
1249 785 1284 862 se
1306 785 1345 864 δι
1360 807 1446 862 cum
1469 787 1650 886 prioribus
1671 793 1791 888 paral.

466 891 532 967 leli
544 889 669 970 versus
691 891 888 986 ingressum
902 891 1009 966 nerui
1029 889 1141 987 optici
1161 888 1349 974 feruntur,
1381 901 1423 964 rt
1440 890 1584 966 multae
1608 893 1791 986 originem

465 992 653 1072 chornidle
673 996 873 1090 attingant,
898 992 960 1068 vbi
982 992 1144 1068 maxima
1164 1013 1212 1066 ex
1235 991 1398 1090 partein
1418 991 1636 1068 chornidem
1660 994 1792 1072 senfim

464 1095 655 1183 defluunt,
682 1097 869 1172 nonnullis
884 1109 1011 1172 autern
1039 1091 1248 1170 insenrntur
1273 1095 1433 1170 venulae
1461 1095 1647 1192 quaedam
1680 1097 1792 1174 mini·

465 1222 570 1286 mae,
604 1220 815 1297 quaecum
844 1197 1024 1275 arteriolir
1057 1194 1240 1272 ciliaribus
1275 1195 1533 1294 posterioribus
1561 1198 1792 1278 sclemticnm

466 1301 675 1402 perforant,
710 1313 815 1400 ortae
842 1301 1046 1400 pleraeque·
1066 1321 1090 1418 a
1112 1296 1264 1418 ramulis
1285 1299 1381 1416 rami
1399 1297 1601 1418 inferioris,
1627 1307 1789 1378 nernrim

466 1402 1213 1608 rttltrlsslltlttl¹llltl²r
1222 1401 1386 1580 iiiii}
1406 1402 1586 1580 trit
1594 1414 1791 1583 iffi?

467 1607 668 1708 quentions
688 1607 972 1687 anastomosrbus
989 1609 1196 1704 iunguntur
1215 1629 1302 1682 cum
1319 1606 1473 1681 ramulis
1501 1604 1675 1682 fimilibus
1697 1607 1790 1684 vasis

467 1709 637 1790 vorticofi
650 1713 776 1799 vicini,
803 1733 896 1812 ques
911 1711 1024 1788 etiam
1039 1707 1285 1786 anastomoses
1307 1709 1455 1804 egregie
1470 1707 1636 1806 depinxit
1656 1709 1787 1809 lllustr.

466 1811 722 1892 Hactenus
737 1811 818 1912 (p).
870 1813 1039 1893 Vortices
1060 1813 1162 1888 enim
1184 1811 1269 1888 illos
1287 1810 1449 1886 maiores
1469 1809 1523 1886 ita
1546 1810 1624 1886 fere
1645 1809 1789 1911 semper

468 1913 816 2014 dispositosreperi.
837 1929 880 1992 vt
894 1917 971 1991 bini
984 1914 1023 1993 δι
1039 1915 1116 1990 bini
1135 1913 1269 1996 latere.
1300 1937 1376 2011 quo
1396 1935 1520 1988 ramos
1543 1912 1724 2004 fundunt,
1749 1913 1789 1990 se

469 2015 633 2094 inuicem
648 2015 859 2124 respiciant,
886 2017 925 2096 δι
938 2037 1063 2092 ramos
1078 2014 1306 2095 uansuersos
1323 2014 1376 2089 sui
1396 2014 1569 2091 fimilibus
1591 2039 1788 2092 occurren·

424 2163 431 2173 .
469 2129 531 2194 tes
546 2117 788 2197 libitendant.
839 2117 1014 2195 Trunculi
1028 2128 1159 2192 antem
1172 2140 1221 2191 ex
1234 2115 1374 2190 vortice
1398 2117 1475 2193 nati
1491 2117 1693 2193 anteriores
1714 2117 1788 2202 elii,

468 2232 514 2296 vt
542 2223 591 2297 de
604 2218 860 2317 posterioribus
884 2219 1021 2302 ditium
1050 2217 1123 2308 est,
1149 2217 1228 2316 poll
1253 2217 1448 2294 decursum
1474 2243 1542 2318 per
1567 2221 1789 2300 exteriorem

468 2319 654 2401 thoroidis
665 2323 800 2400 faciem
812 2320 1062 2400 transuersum
1076 2321 1322 2406 immutant,
1350 2321 1391 2398 δι
1408 2321 1448 2396 in
1465 2324 1647 2398 contraria
1661 2324 1788 2420 priori·

469 2425 542 2504 bus
556 2425 971 2504 direttioneantrorsum
986 2423 1177 2512 feruntur,
1202 2421 1413 2500 duttucum
1427 2423 1501 2500 illis
1517 2425 1701 2522 parallelo.
1723 2425 1788 2523 qui

469 2529 555 2606 loco
568 2529 687 2623 magis
699 2529 874 2603 anteriori
887 2527 965 2602 nati
979 2525 1097 2602 statim
1118 2521 1193 2600 srne
1212 2525 1286 2598 vllo
1307 2547 1395 2600 arcu
1412 2525 1506 2604 satio
1531 2527 1569 2604 tr
1591 2527 1631 2602 in
1654 2527 1788 2606 eadem

378 2677 388 2706 r
467 2629 548 2705 iere
571 2647 659 2703 curn
680 2642 813 2703 trunco
840 2627 1038 2704 diretiione
1064 2624 1290 2724 copiofiffimi
1314 2626 1362 2702 ad
1389 2627 1594 2708 orbiculum
1624 2629 1788 2706 ciliarem

467 2742 640 2832 pergunt
692 2729 898 2806 Pauciffimi
909 2729 1072 2824 denique
1087 2751 1135 2802 ex
1150 2729 1268 2803 altero
1282 2727 1398 2804 latere
1413 2733 1537 2806 trunci
1547 2730 1636 2816 orti,
1661 2731 1788 2808 versus

470 2834 627 2911 alteram
654 2831 803 2929 plagam
827 2829 1020 2914 incedunt,
1049 2829 1088 2906 tc
1115 2829 1249 2928 partim
1273 2830 1315 2904 in
1340 2831 1513 2908 chornide
1540 2829 1784 2922 eumelcunt,

469 2935 605 3037 partim
622 2929 863 3010 anastomoiin
875 2955 962 3007 curn
974 2929 1096 3006 vicino
1109 2929 1256 3012 vasculo
1271 2932 1450 3014 verticoso
1472 2934 1607 3016 minori
1627 2933 1785 3028 habent.

469 3039 520 3116 de
536 3037 669 3142 quibus
681 3034 830 3114 dicendi
843 3057 945 3118 nunc
958 3033 1063 3112 locus
1079 3033 1141 3118 est.

397 3425 403 3434 .
622 3351 803 3453 Superius
815 3364 951 3453 nempe
967 3343 1043 3428 iam
1060 3349 1152 3438 dlxi,
1178 3358 1337 3451 quatuor
1358 3351 1510 3451 quidem
1532 3359 1600 3432 ant
1621 3354 1785 3456 quinque

467 3455 687 3556 plerumque
702 3455 821 3533 adelle
838 3460 989 3532 tmncos
1003 3454 1179 3544 venosos',
1202 3456 1265 3554 qui
1279 3455 1471 3552 conspicua
1495 3457 1701 3556 pulchriora
1723 3457 1788 3534 illa

468 3557 552 3634 vasa
566 3558 744 3635 vorticosn
765 3558 953 3648 efficiunt‚·
976 3557 1081 3656 plura
1103 3571 1231 3634 tamen
1253 3556 1373 3633 adelle
1393 3558 1537 3636 vascula
1559 3559 1712 3645 venosa,
1738 3559 1788 3634 ad

469 3659 601 3736 decem
618 3653 877 3738 &duodecim
902 3683 1040 3758 usque,
1067 3660 1202 3735 eodem
1227 3659 1341 3736 modo
1369 3661 1532 3738 mediam
1558 3661 1786 3738 seleroticam

466 3763 708 3862 perforantia,
746 3784 903 3861 quorum
920 3762 1166 3848 aliamaiora,
1193 3759 1354 3838 vortices
1373 3761 1558 3853 efficiunt,
1585 3764 1648 3863 qui
1672 3764 1789 3839 main·

466 3888 528 3942 res
545 3866 706 3965 quidem.
718 3865 929 3952 imitantur,
956 3863 1020 3938 sed
1042 3865 1166 3940 minuc
1187 3863 1271 3940 sunt
1289 3863 1457 3963 perfetli,
1481 3867 1680 3964 minusque
1706 3865 1789 3963 pul·

468 3969 563 4056 thri,
591 3969 768 4048 &ramos
791 3991 837 4042 ex
864 3966 1042 4042 alterutro
1063 3968 1179 4042 latere
1207 3967 1344 4052 edunt,
1383 3967 1481 4066 quonv
1503 3969 1623 4044 statim
1653 3967 1788 4044 dlrefle

449 4084 533 4150 aut
549 4071 754 4152 antrorsum
767 4081 833 4147 aut
845 4066 1043 4147 retrorsum
1059 4070 1233 4162 mittunt,
1254 4069 1454 4148 maioribus
1473 4069 1548 4147 illis·
1568 4069 1712 4186 semper
1732 4070 1790 4188 ,yi-

1675 4193 1788 4258 UsslSi

522 4261 529 4271 ι

501 4311 987 4406 mmmmmm
