<?xml version="1.0" encoding="UTF-8"?>
<!DOCTYPE html PUBLIC "-//W3C//DTD XHTML 1.0 Transitional//EN"
    "http://www.w3.org/TR/xhtml1/DTD/xhtml1-transitional.dtd">
<html xmlns="http://www.w3.org/1999/xhtml" xml:lang="en" lang="en">
 <head>
  <title>
</title>
<meta http-equiv="Content-Type" content="text/html;charset=utf-8" />
  <meta name='ocr-system' content='tesseract 3.04.00' />
  <meta name='ocr-capabilities' content='ocr_page ocr_carea ocr_par ocr_line ocrx_word'/>
</head>
<body>
  <div class='ocr_page' id='page_1' title='image "./iohannisgottfri00zinngoog_0085.png"; bbox 0 0 4098 5260; ppageno 0'>
   <div class='ocr_carea' id='block_1_1' title="bbox 467 441 1671 550">
    <p class='ocr_par' dir='ltr' id='par_1_1' title="bbox 467 441 1671 550">
     <span class='ocr_line' id='line_1_1' title="bbox 467 441 1671 550; baseline -0.002 -28"><span class='ocrx_word' id='word_1_1' title='bbox 467 441 520 550; x_wconf 71' lang='lat'>⁶4</span> <span class='ocrx_word' id='word_1_2' title='bbox 661 455 1182 524; x_wconf 77' lang='lat' dir='ltr'>narearrrromrorr.</span> <span class='ocrx_word' id='word_1_3' title='bbox 1206 455 1347 520; x_wconf 79' lang='lat' dir='ltr'>oernr</span> <span class='ocrx_word' id='word_1_4' title='bbox 1379 459 1575 522; x_wconf 75' lang='lat' dir='ltr'>avarem</span> <span class='ocrx_word' id='word_1_5' title='bbox 1665 494 1671 519; x_wconf 83' lang='grc'><strong>.</strong></span> 
     </span>
    </p>
   </div>
   <div class='ocr_carea' id='block_1_2' title="bbox 470 639 1900 1186">
    <p class='ocr_par' dir='ltr' id='par_1_2' title="bbox 470 639 1900 1186">
     <span class='ocr_line' id='line_1_2' title="bbox 470 639 1784 748; baseline 0.002 -20"><span class='ocrx_word' id='word_1_6' title='bbox 470 669 557 728; x_wconf 88' lang='lat' dir='ltr'>rum</span> <span class='ocrx_word' id='word_1_7' title='bbox 570 669 620 726; x_wconf 86' lang='lat' dir='ltr'>ex</span> <span class='ocrx_word' id='word_1_8' title='bbox 637 641 745 747; x_wconf 78' lang='lat' dir='ltr'>plicia</span> <span class='ocrx_word' id='word_1_9' title='bbox 754 641 976 724; x_wconf 87' lang='lat' dir='ltr'>exeuntium</span> <span class='ocrx_word' id='word_1_10' title='bbox 994 639 1178 745; x_wconf 85' lang='lat' dir='ltr'>rationem</span> <span class='ocrx_word' id='word_1_11' title='bbox 1198 663 1276 722; x_wconf 88' lang='lat' dir='ltr'>non</span> <span class='ocrx_word' id='word_1_12' title='bbox 1300 641 1521 737; x_wconf 84' lang='lat' dir='ltr'>habuimus,</span> <span class='ocrx_word' id='word_1_13' title='bbox 1545 667 1596 725; x_wconf 91' lang='lat' dir='ltr'>ne</span> <span class='ocrx_word' id='word_1_14' title='bbox 1614 647 1784 748; x_wconf 64' lang='lat' dir='ltr'>pulcher:</span> 
     </span>
     <span class='ocr_line' id='line_1_3' title="bbox 470 745 1798 848; baseline 0.003 -18"><span class='ocrx_word' id='word_1_15' title='bbox 470 750 566 830; x_wconf 77' lang='lat' dir='ltr'>rime</span> <span class='ocrx_word' id='word_1_16' title='bbox 578 747 715 826; x_wconf 81' lang='lat' dir='ltr'>fabrica</span> <span class='ocrx_word' id='word_1_17' title='bbox 736 749 824 826; x_wconf 86' lang='lat' dir='ltr'>inde</span> <span class='ocrx_word' id='word_1_18' title='bbox 838 745 1021 824; x_wconf 80' lang='lat' dir='ltr'>obscurior</span> <span class='ocrx_word' id='word_1_19' title='bbox 1041 746 1271 826; x_wconf 82' lang='lat' dir='ltr'>redderetur.</span> <span class='ocrx_word' id='word_1_20' title='bbox 1331 747 1496 826; x_wconf 78' lang='lat' dir='ltr'>venosus</span> <span class='ocrx_word' id='word_1_21' title='bbox 1516 753 1735 848; x_wconf 82' lang='lat' dir='ltr'>propagines</span> <span class='ocrx_word' id='word_1_22' title='bbox 1759 779 1798 834; x_wconf 70' lang='grc' dir='ltr'>ι’</span> 
     </span>
     <span class='ocr_line' id='line_1_4' title="bbox 471 845 1785 950; baseline 0.002 -21"><span class='ocrx_word' id='word_1_23' title='bbox 471 849 565 929; x_wconf 77' lang='lat' dir='ltr'>rasis</span> <span class='ocrx_word' id='word_1_24' title='bbox 581 849 767 928; x_wconf 84' lang='lat' dir='ltr'>vortimsrs</span> <span class='ocrx_word' id='word_1_25' title='bbox 781 845 1034 948; x_wconf 74' lang='lat' dir='ltr'>auproeeffus</span> <span class='ocrx_word' id='word_1_26' title='bbox 1056 849 1201 927; x_wconf 83' lang='lat' dir='ltr'>ciliares</span> <span class='ocrx_word' id='word_1_27' title='bbox 1229 849 1330 930; x_wconf 79' lang='lat' dir='ltr'>abire</span> <span class='ocrx_word' id='word_1_28' title='bbox 1357 848 1462 948; x_wconf 86' lang='lat' dir='ltr'>saepe</span> <span class='ocrx_word' id='word_1_29' title='bbox 1489 853 1640 950; x_wconf 87' lang='lat' dir='ltr'>quidem</span> <span class='ocrx_word' id='word_1_30' title='bbox 1664 855 1785 932; x_wconf 81' lang='lat' dir='ltr'>obier-</span> 
     </span>
     <span class='ocr_line' id='line_1_5' title="bbox 470 948 1786 1050; baseline 0 -18"><span class='ocrx_word' id='word_1_31' title='bbox 470 954 572 1032; x_wconf 83' lang='lat' dir='ltr'>naui.</span> <span class='ocrx_word' id='word_1_32' title='bbox 625 954 728 1033; x_wconf 88' lang='lat' dir='ltr'>Num</span> <span class='ocrx_word' id='word_1_33' title='bbox 748 963 876 1030; x_wconf 88' lang='lat' dir='ltr'>autern</span> <span class='ocrx_word' id='word_1_34' title='bbox 898 948 1052 1028; x_wconf 78' lang='lat' dir='ltr'>similem</span> <span class='ocrx_word' id='word_1_35' title='bbox 1079 951 1229 1050; x_wconf 87' lang='lat' dir='ltr'>plexum</span> <span class='ocrx_word' id='word_1_36' title='bbox 1255 951 1559 1050; x_wconf 84' lang='lat' dir='ltr'>elegantiiirmum</span> <span class='ocrx_word' id='word_1_37' title='bbox 1581 954 1632 1031; x_wconf 91' lang='lat' dir='ltr'>ibi</span> <span class='ocrx_word' id='word_1_38' title='bbox 1654 957 1786 1032; x_wconf 84' lang='lat' dir='ltr'>consti·</span> 
     </span>
     <span class='ocr_line' id='line_1_6' title="bbox 472 1050 1900 1186; baseline 0.001 -52"><span class='ocrx_word' id='word_1_39' title='bbox 472 1065 598 1142; x_wconf 80' lang='lat' dir='ltr'>tamt,</span> <span class='ocrx_word' id='word_1_40' title='bbox 635 1053 791 1157; x_wconf 75' lang='lat' dir='ltr'>propriis</span> <span class='ocrx_word' id='word_1_41' title='bbox 816 1050 1131 1140; x_wconf 77' lang='lat' dir='ltr'>obseruationibus</span> <span class='ocrx_word' id='word_1_42' title='bbox 1157 1053 1353 1136; x_wconf 79' lang='lat' dir='ltr'>destitutus</span> <span class='ocrx_word' id='word_1_43' title='bbox 1382 1053 1565 1138; x_wconf 76' lang='lat' dir='ltr'>offirmare</span> <span class='ocrx_word' id='word_1_44' title='bbox 1590 1069 1692 1138; x_wconf 79' lang='lat' dir='ltr'>certe</span> <span class='ocrx_word' id='word_1_45' title='bbox 1717 1081 1787 1136; x_wconf 87' lang='lat' dir='ltr'>ne·</span> <span class='ocrx_word' id='word_1_46' title='bbox 1875 1145 1900 1186; x_wconf 33' lang='grc' dir='ltr'>ι,</span> 
     </span>
    </p>
   </div>
   <div class='ocr_carea' id='block_1_3' title="bbox 471 1151 676 1259">
    <p class='ocr_par' dir='ltr' id='par_1_3' title="bbox 471 1151 676 1259">
     <span class='ocr_line' id='line_1_7' title="bbox 471 1151 676 1259; baseline -0.01 0"><span class='ocrx_word' id='word_1_47' title='bbox 471 1180 573 1259; x_wconf 68' lang='lat' dir='ltr'>queo</span> <span class='ocrx_word' id='word_1_48' title='bbox 598 1151 676 1258; x_wconf 74' lang='lat'>(⁰)-</span> 
     </span>
    </p>
   </div>
   <div class='ocr_carea' id='block_1_4' title="bbox 989 1386 1215 1483">
    <p class='ocr_par' dir='ltr' id='par_1_4' title="bbox 989 1386 1215 1483">
     <span class='ocr_line' id='line_1_8' title="bbox 989 1386 1215 1483; baseline -0.08 0"><span class='ocrx_word' id='word_1_49' title='bbox 989 1386 1077 1483; x_wconf 73' lang='lat'>·§·</span> <span class='ocrx_word' id='word_1_50' title='bbox 1129 1386 1215 1472; x_wconf 75' lang='lat' dir='ltr'>vir.</span> 
     </span>
    </p>
   </div>
   <div class='ocr_carea' id='block_1_5' title="bbox 621 1545 1647 1756">
    <p class='ocr_par' dir='ltr' id='par_1_5' title="bbox 621 1545 1647 1756">
     <span class='ocr_line' id='line_1_9' title="bbox 621 1545 1647 1755; baseline -0.005 -110"><span class='ocrx_word' id='word_1_51' title='bbox 621 1550 826 1646; x_wconf 66' lang='lat' dir='ltr'>Coum</span> <span class='ocrx_word' id='word_1_52' title='bbox 850 1550 1097 1684; x_wconf 72' lang='lat' dir='ltr'>proceffrrrrrn</span> <span class='ocrx_word' id='word_1_53' title='bbox 1112 1547 1323 1755; x_wconf 44' lang='lat' dir='ltr'>⁸argenium</span> <span class='ocrx_word' id='word_1_54' title='bbox 1349 1577 1435 1650; x_wconf 76' lang='lat' dir='ltr'>cum</span> <span class='ocrx_word' id='word_1_55' title='bbox 1454 1545 1647 1668; x_wconf 76' lang='lat' dir='ltr'>portibus</span> 
     </span>
     <span class='ocr_line' id='line_1_10' title="bbox 790 1695 1203 1756; baseline -0.007 1"><span class='ocrx_word' id='word_1_56' title='bbox 790 1711 794 1718; x_wconf 93' lang='lat'>·</span> <span class='ocrx_word' id='word_1_57' title='bbox 1050 1695 1112 1756; x_wconf 85' lang='lat' dir='ltr'>mc</span> <span class='ocrx_word' id='word_1_58' title='bbox 1191 1731 1203 1754; x_wconf 91' lang='lat'><strong>.</strong></span> 
     </span>
    </p>
   </div>
   <div class='ocr_carea' id='block_1_6' title="bbox 382 1811 1796 3036">
    <p class='ocr_par' dir='ltr' id='par_1_6' title="bbox 382 1811 1796 3036">
     <span class='ocr_line' id='line_1_11' title="bbox 592 1811 1789 1918; baseline -0.007 -20"><span class='ocrx_word' id='word_1_59' title='bbox 592 1821 720 1912; x_wconf 87' lang='lat' dir='ltr'>Quum</span> <span class='ocrx_word' id='word_1_60' title='bbox 735 1840 825 1918; x_wconf 83' lang='lat' dir='ltr'>ergo</span> <span class='ocrx_word' id='word_1_61' title='bbox 839 1815 965 1907; x_wconf 84' lang='lat' dir='ltr'>exiis,</span> <span class='ocrx_word' id='word_1_62' title='bbox 992 1839 1087 1916; x_wconf 84' lang='lat' dir='ltr'>quae</span> <span class='ocrx_word' id='word_1_63' title='bbox 1101 1813 1214 1892; x_wconf 88' lang='lat' dir='ltr'>modo</span> <span class='ocrx_word' id='word_1_64' title='bbox 1229 1813 1324 1893; x_wconf 76' lang='lat' dir='ltr'>ditia</span> <span class='ocrx_word' id='word_1_65' title='bbox 1343 1812 1444 1904; x_wconf 82' lang='lat' dir='ltr'>inni.</span> <span class='ocrx_word' id='word_1_66' title='bbox 1471 1825 1615 1916; x_wconf 86' lang='lat' dir='ltr'>pateat,</span> <span class='ocrx_word' id='word_1_67' title='bbox 1640 1811 1679 1891; x_wconf 91' lang='lat' dir='ltr'>in</span> <span class='ocrx_word' id='word_1_68' title='bbox 1782 1829 1789 1841; x_wconf 82' lang='lat'>&#39;</span> 
     </span>
     <span class='ocr_line' id='line_1_12' title="bbox 480 1835 1787 2026; baseline -0.01 -22"><span class='ocrx_word' id='word_1_69' title='bbox 480 1919 635 2026; x_wconf 75' lang='lat' dir='ltr'>cestibus</span> <span class='ocrx_word' id='word_1_70' title='bbox 655 1922 839 2000; x_wconf 85' lang='lat' dir='ltr'>ciliaribus</span> <span class='ocrx_word' id='word_1_71' title='bbox 859 1919 1019 1996; x_wconf 89' lang='lat' dir='ltr'>eandem</span> <span class='ocrx_word' id='word_1_72' title='bbox 1040 1917 1207 1994; x_wconf 86' lang='lat' dir='ltr'>obtinere</span> <span class='ocrx_word' id='word_1_73' title='bbox 1219 1917 1396 1995; x_wconf 77' lang='lat' dir='ltr'>fabricam</span> <span class='ocrx_word' id='word_1_74' title='bbox 1420 1919 1529 1996; x_wconf 84' lang='lat' dir='ltr'>vnice</span> <span class='ocrx_word' id='word_1_75' title='bbox 1553 1835 1787 2003; x_wconf 57' lang='lat' dir='ltr'>vaseuloim.</span> 
     </span>
     <span class='ocr_line' id='line_1_13' title="bbox 481 2017 1790 2118; baseline -0.009 -12"><span class='ocrx_word' id='word_1_76' title='bbox 481 2026 588 2109; x_wconf 86' lang='lat' dir='ltr'>omni</span> <span class='ocrx_word' id='word_1_77' title='bbox 611 2025 702 2104; x_wconf 86' lang='lat' dir='ltr'>iibra</span> <span class='ocrx_word' id='word_1_78' title='bbox 722 2021 919 2099; x_wconf 84' lang='lat' dir='ltr'>musculari</span> <span class='ocrx_word' id='word_1_79' title='bbox 933 2031 1143 2117; x_wconf 85' lang='lat' dir='ltr'>expertem.</span> <span class='ocrx_word' id='word_1_80' title='bbox 1170 2041 1245 2118; x_wconf 87' lang='lat' dir='ltr'>qua</span> <span class='ocrx_word' id='word_1_81' title='bbox 1270 2017 1465 2097; x_wconf 86' lang='lat' dir='ltr'>ehoroides</span> <span class='ocrx_word' id='word_1_82' title='bbox 1490 2019 1647 2118; x_wconf 82' lang='lat' dir='ltr'>gaudet,</span> <span class='ocrx_word' id='word_1_83' title='bbox 1673 2019 1713 2097; x_wconf 72' lang='grc' dir='ltr'>δι</span> <span class='ocrx_word' id='word_1_84' title='bbox 1740 2039 1790 2094; x_wconf 87' lang='lat' dir='ltr'>err</span> 
     </span>
     <span class='ocr_line' id='line_1_14' title="bbox 480 2117 1791 2220; baseline -0.011 -11"><span class='ocrx_word' id='word_1_85' title='bbox 480 2127 606 2210; x_wconf 78' lang='lat' dir='ltr'>hucin</span> <span class='ocrx_word' id='word_1_86' title='bbox 620 2127 705 2204; x_wconf 85' lang='lat' dir='ltr'>illos</span> <span class='ocrx_word' id='word_1_87' title='bbox 717 2125 816 2201; x_wconf 80' lang='lat' dir='ltr'>retio</span> <span class='ocrx_word' id='word_1_88' title='bbox 829 2121 961 2200; x_wconf 90' lang='lat' dir='ltr'>itinere</span> <span class='ocrx_word' id='word_1_89' title='bbox 974 2119 1121 2200; x_wconf 78' lang='lat' dir='ltr'>vascula</span> <span class='ocrx_word' id='word_1_90' title='bbox 1133 2117 1209 2197; x_wconf 86' lang='lat' dir='ltr'>iine</span> <span class='ocrx_word' id='word_1_91' title='bbox 1228 2117 1303 2198; x_wconf 77' lang='lat' dir='ltr'>ullo</span> <span class='ocrx_word' id='word_1_92' title='bbox 1319 2121 1456 2197; x_wconf 84' lang='lat' dir='ltr'>circuio</span> <span class='ocrx_word' id='word_1_93' title='bbox 1470 2120 1691 2200; x_wconf 90' lang='lat' dir='ltr'>intermedio</span> <span class='ocrx_word' id='word_1_94' title='bbox 1705 2143 1791 2220; x_wconf 89' lang='lat' dir='ltr'>pro·</span> 
     </span>
     <span class='ocr_line' id='line_1_15' title="bbox 481 2219 1791 2326; baseline -0.011 -16"><span class='ocrx_word' id='word_1_95' title='bbox 481 2230 590 2316; x_wconf 73' lang='lat' dir='ltr'>ducit</span> <span class='ocrx_word' id='word_1_96' title='bbox 615 2253 640 2309; x_wconf 87' lang='grc' dir='ltr'><strong>ο</strong></span> <span class='ocrx_word' id='word_1_97' title='bbox 666 2228 758 2306; x_wconf 89' lang='lat' dir='ltr'>time</span> <span class='ocrx_word' id='word_1_98' title='bbox 784 2225 873 2302; x_wconf 85' lang='lat' dir='ltr'>iude</span> <span class='ocrx_word' id='word_1_99' title='bbox 895 2223 981 2302; x_wconf 85' lang='lat' dir='ltr'>elici</span> <span class='ocrx_word' id='word_1_100' title='bbox 1007 2221 1291 2326; x_wconf 81' lang='lat' dir='ltr'>potie&#39;videtur.,</span> <span class='ocrx_word' id='word_1_101' title='bbox 1319 2221 1501 2322; x_wconf 84' lang='lat' dir='ltr'>proceii&#39;us</span> <span class='ocrx_word' id='word_1_102' title='bbox 1527 2223 1671 2302; x_wconf 87' lang='lat' dir='ltr'>ciliares</span> <span class='ocrx_word' id='word_1_103' title='bbox 1697 2219 1791 2297; x_wconf 85' lang='lat' dir='ltr'><strong>nihil</strong></span> 
     </span>
     <span class='ocr_line' id='line_1_16' title="bbox 482 2251 1792 2428; baseline -0.011 -17"><span class='ocrx_word' id='word_1_104' title='bbox 482 2331 586 2410; x_wconf 83' lang='lat' dir='ltr'>aliud</span> <span class='ocrx_word' id='word_1_105' title='bbox 607 2251 679 2410; x_wconf 57' lang='lat' dir='ltr'>effe</span> <span class='ocrx_word' id='word_1_106' title='bbox 699 2325 766 2404; x_wconf 89' lang='lat' dir='ltr'>niii</span> <span class='ocrx_word' id='word_1_107' title='bbox 787 2326 881 2428; x_wconf 84' lang='lat' dir='ltr'>ipsas</span> <span class='ocrx_word' id='word_1_108' title='bbox 896 2326 1010 2426; x_wconf 85' lang='lat' dir='ltr'>plicas</span> <span class='ocrx_word' id='word_1_109' title='bbox 1037 2323 1239 2414; x_wconf 85' lang='lat' dir='ltr'>choroidis,</span> <span class='ocrx_word' id='word_1_110' title='bbox 1265 2323 1318 2401; x_wconf 89' lang='lat' dir='ltr'>vti</span> <span class='ocrx_word' id='word_1_111' title='bbox 1344 2323 1539 2424; x_wconf 81' lang='lat' dir='ltr'>aliquoties</span> <span class='ocrx_word' id='word_1_112' title='bbox 1566 2325 1641 2403; x_wconf 81' lang='lat' dir='ltr'>inm</span> <span class='ocrx_word' id='word_1_113' title='bbox 1669 2322 1792 2402; x_wconf 88' lang='lat' dir='ltr'>innui·</span> 
     </span>
     <span class='ocr_line' id='line_1_17' title="bbox 480 2425 1794 2530; baseline -0.011 -16"><span class='ocrx_word' id='word_1_114' title='bbox 480 2457 581 2514; x_wconf 84' lang='lat' dir='ltr'>mus.</span> <span class='ocrx_word' id='word_1_115' title='bbox 633 2429 839 2510; x_wconf 86' lang='lat' dir='ltr'>Choroiriea</span> <span class='ocrx_word' id='word_1_116' title='bbox 855 2451 1009 2528; x_wconf 85' lang='lat' dir='ltr'>nempe.</span> <span class='ocrx_word' id='word_1_117' title='bbox 1035 2426 1147 2530; x_wconf 87' lang='lat' dir='ltr'>paulo</span> <span class='ocrx_word' id='word_1_118' title='bbox 1161 2443 1262 2506; x_wconf 90' lang='lat' dir='ltr'>retro</span> <span class='ocrx_word' id='word_1_119' title='bbox 1281 2427 1388 2503; x_wconf 88' lang='lat' dir='ltr'>iilum</span> <span class='ocrx_word' id='word_1_120' title='bbox 1409 2425 1553 2512; x_wconf 88' lang='lat' dir='ltr'>iocum.</span> <span class='ocrx_word' id='word_1_121' title='bbox 1585 2425 1646 2506; x_wconf 87' lang='lat' dir='ltr'>vbi</span> <span class='ocrx_word' id='word_1_122' title='bbox 1668 2425 1705 2504; x_wconf 93' lang='lat' dir='ltr'>in</span> <span class='ocrx_word' id='word_1_123' title='bbox 1727 2447 1794 2500; x_wconf 82' lang='lat' dir='ltr'>err-</span> 
     </span>
     <span class='ocr_line' id='line_1_18' title="bbox 480 2525 1794 2614; baseline -0.008 0"><span class='ocrx_word' id='word_1_124' title='bbox 480 2533 611 2614; x_wconf 87' lang='lat' dir='ltr'>teriori</span> <span class='ocrx_word' id='word_1_125' title='bbox 627 2531 721 2608; x_wconf 83' lang='lat' dir='ltr'>iacie</span> <span class='ocrx_word' id='word_1_126' title='bbox 743 2531 882 2606; x_wconf 85' lang='lat' dir='ltr'>annulo</span> <span class='ocrx_word' id='word_1_127' title='bbox 905 2529 990 2606; x_wconf 84' lang='lat' dir='ltr'>albo</span> <span class='ocrx_word' id='word_1_128' title='bbox 1010 2527 1185 2606; x_wconf 85' lang='lat' dir='ltr'>ceiiuioso</span> <span class='ocrx_word' id='word_1_129' title='bbox 1213 2527 1276 2606; x_wconf 85' lang='lat' dir='ltr'>iub</span> <span class='ocrx_word' id='word_1_130' title='bbox 1303 2529 1456 2604; x_wconf 89' lang='lat' dir='ltr'>nomine</span> <span class='ocrx_word' id='word_1_131' title='bbox 1480 2525 1634 2607; x_wconf 86' lang='lat' dir='ltr'>orbiculi</span> <span class='ocrx_word' id='word_1_132' title='bbox 1658 2527 1794 2605; x_wconf 79' lang='lat' dir='ltr'>ciiiaris</span> 
     </span>
     <span class='ocr_line' id='line_1_19' title="bbox 483 2626 1795 2727; baseline -0.005 -19"><span class='ocrx_word' id='word_1_133' title='bbox 483 2633 614 2714; x_wconf 78' lang='lat' dir='ltr'>fenim</span> <span class='ocrx_word' id='word_1_134' title='bbox 628 2629 842 2714; x_wconf 84' lang='lat' dir='ltr'>obducitur,</span> <span class='ocrx_word' id='word_1_135' title='bbox 866 2630 906 2704; x_wconf 93' lang='lat' dir='ltr'>in</span> <span class='ocrx_word' id='word_1_136' title='bbox 927 2629 1021 2703; x_wconf 82' lang='lat' dir='ltr'>facie</span> <span class='ocrx_word' id='word_1_137' title='bbox 1042 2628 1189 2703; x_wconf 81' lang='lat' dir='ltr'>interno</span> <span class='ocrx_word' id='word_1_138' title='bbox 1217 2626 1346 2724; x_wconf 82' lang='lat' dir='ltr'>incipit</span> <span class='ocrx_word' id='word_1_139' title='bbox 1372 2629 1540 2704; x_wconf 86' lang='lat' dir='ltr'>contrahi</span> <span class='ocrx_word' id='word_1_140' title='bbox 1566 2632 1727 2727; x_wconf 89' lang='lat' dir='ltr'>primurn</span> <span class='ocrx_word' id='word_1_141' title='bbox 1752 2629 1795 2703; x_wconf 90' lang='lat' dir='ltr'>in</span> 
     </span>
     <span class='ocr_line' id='line_1_20' title="bbox 382 2717 1794 2830; baseline -0.006 -16"><span class='ocrx_word' id='word_1_142' title='bbox 382 2811 386 2818; x_wconf 82' lang='grc'><strong>,</strong></span> <span class='ocrx_word' id='word_1_143' title='bbox 483 2733 589 2814; x_wconf 85' lang='lat' dir='ltr'>strias</span> <span class='ocrx_word' id='word_1_144' title='bbox 604 2731 665 2808; x_wconf 82' lang='lat' dir='ltr'>rix</span> <span class='ocrx_word' id='word_1_145' title='bbox 683 2727 892 2807; x_wconf 80' lang='lat' dir='ltr'>eminentes</span> <span class='ocrx_word' id='word_1_146' title='bbox 908 2717 946 2806; x_wconf 74' lang='lat' dir='ltr'>ir</span> <span class='ocrx_word' id='word_1_147' title='bbox 963 2723 1193 2826; x_wconf 77' lang='lat' dir='ltr'>conspicuas,</span> <span class='ocrx_word' id='word_1_148' title='bbox 1221 2749 1317 2826; x_wconf 85' lang='lat' dir='ltr'>quae</span> <span class='ocrx_word' id='word_1_149' title='bbox 1333 2725 1429 2826; x_wconf 85' lang='lat' dir='ltr'>ipsae</span> <span class='ocrx_word' id='word_1_150' title='bbox 1443 2728 1597 2805; x_wconf 88' lang='lat' dir='ltr'>demum</span> <span class='ocrx_word' id='word_1_151' title='bbox 1617 2729 1657 2806; x_wconf 88' lang='lat' dir='ltr'>in</span> <span class='ocrx_word' id='word_1_152' title='bbox 1676 2729 1794 2830; x_wconf 78' lang='lat' dir='ltr'>plicas</span> 
     </span>
     <span class='ocr_line' id='line_1_21' title="bbox 482 2825 1796 2930; baseline -0.006 -14"><span class='ocrx_word' id='word_1_153' title='bbox 482 2835 635 2916; x_wconf 82' lang='lat' dir='ltr'>latiores</span> <span class='ocrx_word' id='word_1_154' title='bbox 647 2829 836 2908; x_wconf 79' lang='lat' dir='ltr'>fluitantes</span> <span class='ocrx_word' id='word_1_155' title='bbox 853 2827 1115 2908; x_wconf 82' lang='lat' dir='ltr'>&amp;eminentes</span> <span class='ocrx_word' id='word_1_156' title='bbox 1128 2825 1268 2904; x_wconf 87' lang='lat' dir='ltr'>abeunt</span> <span class='ocrx_word' id='word_1_157' title='bbox 1287 2827 1371 2926; x_wconf 83' lang='lat' dir='ltr'><em>(x),</em></span> <span class='ocrx_word' id='word_1_158' title='bbox 1398 2853 1498 2928; x_wconf 82' lang='lat' dir='ltr'>quae</span> <span class='ocrx_word' id='word_1_159' title='bbox 1509 2830 1659 2930; x_wconf 87' lang='lat' dir='ltr'>quidem</span> <span class='ocrx_word' id='word_1_160' title='bbox 1683 2829 1796 2908; x_wconf 83' lang='lat' dir='ltr'>inbri-</span> 
     </span>
     <span class='ocr_line' id='line_1_22' title="bbox 484 2928 1796 3036; baseline -0.005 -20"><span class='ocrx_word' id='word_1_161' title='bbox 484 2961 530 3017; x_wconf 75' lang='grc' dir='ltr'>οι</span> <span class='ocrx_word' id='word_1_162' title='bbox 543 2962 566 3013; x_wconf 88' lang='lat' dir='ltr'>a</span> <span class='ocrx_word' id='word_1_163' title='bbox 580 2933 690 3036; x_wconf 85' lang='lat' dir='ltr'>priori</span> <span class='ocrx_word' id='word_1_164' title='bbox 703 2931 781 3008; x_wconf 84' lang='lat' dir='ltr'>iere</span> <span class='ocrx_word' id='word_1_165' title='bbox 797 2929 992 3009; x_wconf 82' lang='lat' dir='ltr'>neceiiaria</span> <span class='ocrx_word' id='word_1_166' title='bbox 1006 2929 1162 3006; x_wconf 82' lang='lat' dir='ltr'>videtur.</span> <span class='ocrx_word' id='word_1_167' title='bbox 1215 2928 1285 3008; x_wconf 89' lang='lat' dir='ltr'>Vbi</span> <span class='ocrx_word' id='word_1_168' title='bbox 1309 2929 1410 3006; x_wconf 89' lang='lat' dir='ltr'>enim</span> <span class='ocrx_word' id='word_1_169' title='bbox 1432 2931 1626 3008; x_wconf 87' lang='lat' dir='ltr'>choroides</span> <span class='ocrx_word' id='word_1_170' title='bbox 1648 2930 1712 3008; x_wconf 87' lang='lat' dir='ltr'>iub</span> <span class='ocrx_word' id='word_1_171' title='bbox 1733 2957 1796 3010; x_wconf 90' lang='lat' dir='ltr'>or·</span> 
     </span>
    </p>
   </div>
   <div class='ocr_carea' id='block_1_7' title="bbox 331 3029 1797 3122">
    <p class='ocr_par' dir='ltr' id='par_1_7' title="bbox 331 3029 1797 3122">
     <span class='ocr_line' id='line_1_23' title="bbox 331 3029 1797 3122; baseline -0.003 -5"><span class='ocrx_word' id='word_1_172' title='bbox 331 3069 337 3086; x_wconf 91' lang='lat'><strong>·</strong></span> <span class='ocrx_word' id='word_1_173' title='bbox 482 3037 608 3120; x_wconf 83' lang='lat' dir='ltr'>bieulo</span> <span class='ocrx_word' id='word_1_174' title='bbox 629 3031 743 3114; x_wconf 84' lang='lat' dir='ltr'>eiliari</span> <span class='ocrx_word' id='word_1_175' title='bbox 770 3031 894 3110; x_wconf 80' lang='lat' dir='ltr'>relitio</span> <span class='ocrx_word' id='word_1_176' title='bbox 924 3032 1130 3119; x_wconf 76' lang='lat' dir='ltr'>ielerotica,</span> <span class='ocrx_word' id='word_1_177' title='bbox 1156 3029 1351 3108; x_wconf 87' lang='lat' dir='ltr'>introrsum</span> <span class='ocrx_word' id='word_1_178' title='bbox 1378 3030 1506 3109; x_wconf 80' lang='lat' dir='ltr'>fenim</span> <span class='ocrx_word' id='word_1_179' title='bbox 1536 3033 1797 3122; x_wconf 70' lang='lat' dir='ltr'>recentiori</span> 
     </span>
    </p>
   </div>
   <div class='ocr_carea' id='block_1_8' title="bbox 484 3131 1826 3750">
    <p class='ocr_par' dir='ltr' id='par_1_8' title="bbox 484 3131 1826 3750">
     <span class='ocr_line' id='line_1_24' title="bbox 484 3131 1795 3241; baseline -0.005 -21"><span class='ocrx_word' id='word_1_180' title='bbox 484 3143 549 3222; x_wconf 75' lang='lat' dir='ltr'>vix</span> <span class='ocrx_word' id='word_1_181' title='bbox 563 3135 661 3241; x_wconf 84' lang='lat' dir='ltr'>poii&#39;e</span> <span class='ocrx_word' id='word_1_182' title='bbox 678 3134 843 3224; x_wconf 82' lang='lat' dir='ltr'>ridetur,</span> <span class='ocrx_word' id='word_1_183' title='bbox 870 3134 959 3232; x_wconf 89' lang='lat' dir='ltr'>quin</span> <span class='ocrx_word' id='word_1_184' title='bbox 973 3133 1036 3210; x_wconf 82' lang='lat' dir='ltr'>iila</span> <span class='ocrx_word' id='word_1_185' title='bbox 1051 3131 1238 3210; x_wconf 87' lang='lat' dir='ltr'>chornidis</span> <span class='ocrx_word' id='word_1_186' title='bbox 1252 3135 1355 3232; x_wconf 81' lang='lat' dir='ltr'>pais,</span> <span class='ocrx_word' id='word_1_187' title='bbox 1382 3157 1479 3234; x_wconf 81' lang='lat' dir='ltr'>quae</span> <span class='ocrx_word' id='word_1_188' title='bbox 1496 3137 1594 3212; x_wconf 88' lang='lat' dir='ltr'>oculi</span> <span class='ocrx_word' id='word_1_189' title='bbox 1612 3137 1795 3215; x_wconf 85' lang='lat' dir='ltr'>circulum</span> 
     </span>
     <span class='ocr_line' id='line_1_25' title="bbox 486 3233 1797 3338; baseline -0.005 -16"><span class='ocrx_word' id='word_1_190' title='bbox 486 3242 694 3322; x_wconf 77' lang='lat' dir='ltr'>maximum</span> <span class='ocrx_word' id='word_1_191' title='bbox 707 3238 809 3314; x_wconf 85' lang='lat' dir='ltr'>intus</span> <span class='ocrx_word' id='word_1_192' title='bbox 824 3233 1017 3336; x_wconf 77' lang='lat' dir='ltr'>succingit.</span> <span class='ocrx_word' id='word_1_193' title='bbox 1052 3234 1101 3310; x_wconf 78' lang='lat' dir='ltr'>ad</span> <span class='ocrx_word' id='word_1_194' title='bbox 1122 3233 1492 3316; x_wconf 85' lang='lat' dir='ltr'>circumueiiiendum</span> <span class='ocrx_word' id='word_1_195' title='bbox 1511 3235 1623 3316; x_wconf 92' lang='lat' dir='ltr'>lentis</span> <span class='ocrx_word' id='word_1_196' title='bbox 1646 3239 1797 3338; x_wconf 82' lang='lat' dir='ltr'>crystal-</span> 
     </span>
     <span class='ocr_line' id='line_1_26' title="bbox 485 3335 1794 3438; baseline -0.001 -18"><span class='ocrx_word' id='word_1_197' title='bbox 485 3345 584 3424; x_wconf 84' lang='lat' dir='ltr'>linae</span> <span class='ocrx_word' id='word_1_198' title='bbox 598 3341 824 3438; x_wconf 83' lang='lat' dir='ltr'>marginem,</span> <span class='ocrx_word' id='word_1_199' title='bbox 851 3339 1030 3415; x_wconf 75' lang='lat' dir='ltr'>circqum</span> <span class='ocrx_word' id='word_1_200' title='bbox 1051 3359 1188 3436; x_wconf 86' lang='lat' dir='ltr'>nempe</span> <span class='ocrx_word' id='word_1_201' title='bbox 1209 3335 1345 3412; x_wconf 86' lang='lat' dir='ltr'>circuio</span> <span class='ocrx_word' id='word_1_202' title='bbox 1371 3341 1537 3415; x_wconf 85' lang='lat' dir='ltr'>maximo</span> <span class='ocrx_word' id='word_1_203' title='bbox 1561 3341 1662 3418; x_wconf 86' lang='lat' dir='ltr'>ocuii</span> <span class='ocrx_word' id='word_1_204' title='bbox 1686 3355 1794 3419; x_wconf 82' lang='lat' dir='ltr'>tanto</span> 
     </span>
     <span class='ocr_line' id='line_1_27' title="bbox 486 3437 1819 3544; baseline -0.005 -20"><span class='ocrx_word' id='word_1_205' title='bbox 486 3447 690 3528; x_wconf 87' lang='lat' dir='ltr'>minorem,</span> <span class='ocrx_word' id='word_1_206' title='bbox 722 3439 761 3517; x_wconf 91' lang='lat' dir='ltr'>in</span> <span class='ocrx_word' id='word_1_207' title='bbox 783 3437 937 3538; x_wconf 85' lang='lat' dir='ltr'>spatium</span> <span class='ocrx_word' id='word_1_208' title='bbox 959 3437 1081 3514; x_wconf 90' lang='lat' dir='ltr'>multo</span> <span class='ocrx_word' id='word_1_209' title='bbox 1103 3439 1233 3514; x_wconf 85' lang='lat' dir='ltr'>minus</span> <span class='ocrx_word' id='word_1_210' title='bbox 1252 3439 1471 3536; x_wconf 86' lang='lat' dir='ltr'>redigenda,</span> <span class='ocrx_word' id='word_1_211' title='bbox 1506 3439 1633 3520; x_wconf 84' lang='lat' dir='ltr'>ienfim</span> <span class='ocrx_word' id='word_1_212' title='bbox 1657 3442 1793 3544; x_wconf 89' lang='lat' dir='ltr'>inipso</span> <span class='ocrx_word' id='word_1_213' title='bbox 1815 3454 1819 3469; x_wconf 92' lang='grc'><strong>’</strong></span> 
     </span>
     <span class='ocr_line' id='line_1_28' title="bbox 485 3537 1826 3642; baseline -0.001 -18"><span class='ocrx_word' id='word_1_214' title='bbox 485 3547 619 3624; x_wconf 87' lang='lat' dir='ltr'>itinere</span> <span class='ocrx_word' id='word_1_215' title='bbox 634 3537 872 3619; x_wconf 80' lang='lat' dir='ltr'>eontraiutur</span> <span class='ocrx_word' id='word_1_216' title='bbox 888 3541 926 3616; x_wconf 92' lang='lat' dir='ltr'>in</span> <span class='ocrx_word' id='word_1_217' title='bbox 950 3539 1064 3639; x_wconf 85' lang='lat' dir='ltr'>piicas</span> <span class='ocrx_word' id='word_1_218' title='bbox 1086 3562 1132 3615; x_wconf 94' lang='lat' dir='ltr'>eo</span> <span class='ocrx_word' id='word_1_219' title='bbox 1151 3539 1311 3616; x_wconf 84' lang='lat' dir='ltr'>maiores</span> <span class='ocrx_word' id='word_1_220' title='bbox 1340 3544 1534 3642; x_wconf 83' lang='lat' dir='ltr'>magisque</span> <span class='ocrx_word' id='word_1_221' title='bbox 1562 3547 1793 3638; x_wconf 81' lang='lat' dir='ltr'>eminentes,</span> <span class='ocrx_word' id='word_1_222' title='bbox 1821 3577 1826 3592; x_wconf 66' lang='grc'>’</span> 
     </span>
     <span class='ocr_line' id='line_1_29' title="bbox 485 3639 1794 3750; baseline 0.001 -25"><span class='ocrx_word' id='word_1_223' title='bbox 485 3667 562 3750; x_wconf 88' lang='lat' dir='ltr'>quo</span> <span class='ocrx_word' id='word_1_224' title='bbox 572 3642 725 3748; x_wconf 85' lang='lat' dir='ltr'>propina</span> <span class='ocrx_word' id='word_1_225' title='bbox 739 3640 787 3720; x_wconf 84' lang='lat' dir='ltr'>ad</span> <span class='ocrx_word' id='word_1_226' title='bbox 800 3641 912 3722; x_wconf 82' lang='lat' dir='ltr'>lentis</span> <span class='ocrx_word' id='word_1_227' title='bbox 933 3639 1142 3738; x_wconf 80' lang='lat' dir='ltr'>marginem</span> <span class='ocrx_word' id='word_1_228' title='bbox 1163 3640 1343 3720; x_wconf 82' lang='lat' dir='ltr'>circulum</span> <span class='ocrx_word' id='word_1_229' title='bbox 1364 3665 1502 3745; x_wconf 86' lang='lat' dir='ltr'>nempe</span> <span class='ocrx_word' id='word_1_230' title='bbox 1524 3646 1708 3726; x_wconf 90' lang='lat' dir='ltr'>minorem</span> <span class='ocrx_word' id='word_1_231' title='bbox 1731 3669 1794 3726; x_wconf 86' lang='lat' dir='ltr'>ac·</span> 
     </span>
    </p>
   </div>
   <div class='ocr_carea' id='block_1_9' title="bbox 1681 3751 1792 3830">
    <p class='ocr_par' dir='ltr' id='par_1_9' title="bbox 1681 3751 1792 3830">
     <span class='ocr_line' id='line_1_30' title="bbox 1681 3751 1792 3830; baseline 0 0"><span class='ocrx_word' id='word_1_232' title='bbox 1681 3751 1792 3830; x_wconf 80' lang='lat' dir='ltr'>redit.</span> 
     </span>
    </p>
   </div>
   <div class='ocr_carea' id='block_1_10' title="bbox 486 3921 1794 4111">
    <p class='ocr_par' dir='ltr' id='par_1_10' title="bbox 486 3921 1794 4111">
     <span class='ocr_line' id='line_1_31' title="bbox 529 3921 1794 4034; baseline 0.004 -18"><span class='ocrx_word' id='word_1_233' title='bbox 529 3953 579 4022; x_wconf 77' lang='grc' dir='ltr'>(ι)</span> <span class='ocrx_word' id='word_1_234' title='bbox 598 3939 763 4014; x_wconf 80' lang='lat' dir='ltr'>iiovrvs</span> <span class='ocrx_word' id='word_1_235' title='bbox 782 3943 938 4010; x_wconf 79' lang='lat' dir='ltr'>eiusmoii</span> <span class='ocrx_word' id='word_1_236' title='bbox 954 3945 1122 4012; x_wconf 80' lang='lat' dir='ltr'>reticulum</span> <span class='ocrx_word' id='word_1_237' title='bbox 1162 3945 1443 4018; x_wconf 74' lang='lat' dir='ltr'>iionnaorrrvs</span> <span class='ocrx_word' id='word_1_238' title='bbox 1465 3951 1498 4016; x_wconf 87' lang='lat' dir='ltr'>in</span> <span class='ocrx_word' id='word_1_239' title='bbox 1521 3921 1603 4034; x_wconf 73' lang='lat' dir='ltr'>epifi.</span> <span class='ocrx_word' id='word_1_240' title='bbox 1623 3953 1672 4018; x_wconf 78' lang='lat' dir='ltr'>rit.</span> <span class='ocrx_word' id='word_1_241' title='bbox 1742 3955 1794 4022; x_wconf 72' lang='lat' dir='ltr'>re</span> 
     </span>
     <span class='ocr_line' id='line_1_32' title="bbox 486 4021 1794 4111; baseline 0.003 -11"><span class='ocrx_word' id='word_1_242' title='bbox 486 4027 637 4100; x_wconf 75' lang='lat' dir='ltr'>venosunr</span> <span class='ocrx_word' id='word_1_243' title='bbox 656 4029 690 4092; x_wconf 91' lang='lat' dir='ltr'>in</span> <span class='ocrx_word' id='word_1_244' title='bbox 712 4027 795 4111; x_wconf 86' lang='lat' dir='ltr'>piirr</span> <span class='ocrx_word' id='word_1_245' title='bbox 817 4021 1012 4108; x_wconf 79' lang='lat' dir='ltr'>proceii&#39;nnm</span> <span class='ocrx_word' id='word_1_246' title='bbox 1037 4029 1123 4092; x_wconf 83' lang='lat' dir='ltr'>eilia·</span> <span class='ocrx_word' id='word_1_247' title='bbox 1162 4039 1197 4093; x_wconf 90' lang='lat' dir='ltr'>et</span> <span class='ocrx_word' id='word_1_248' title='bbox 1220 4030 1267 4096; x_wconf 87' lang='lat' dir='ltr'>iii.</span> <span class='ocrx_word' id='word_1_249' title='bbox 1286 4033 1509 4100; x_wconf 76' lang='lat' dir='ltr'>Haanrrvs</span> <span class='ocrx_word' id='word_1_250' title='bbox 1538 4033 1655 4102; x_wconf 69' lang='lat' dir='ltr'>comm.</span> <span class='ocrx_word' id='word_1_251' title='bbox 1709 4037 1794 4105; x_wconf 75' lang='lat' dir='ltr'>arrh.</span> 
     </span>
    </p>
   </div>
   <div class='ocr_carea' id='block_1_11' title="bbox 488 4105 1796 4367">
    <p class='ocr_par' dir='ltr' id='par_1_11' title="bbox 488 4105 1796 4367">
     <span class='ocr_line' id='line_1_33' title="bbox 488 4105 1794 4206; baseline 0.002 -28"><span class='ocrx_word' id='word_1_252' title='bbox 488 4109 728 4206; x_wconf 64' lang='lat' dir='ltr'>rin-eahiiet.</span> <span class='ocrx_word' id='word_1_253' title='bbox 756 4105 836 4192; x_wconf 76' lang='lat' dir='ltr'>T.5.</span> <span class='ocrx_word' id='word_1_254' title='bbox 875 4127 926 4176; x_wconf 59' lang='grc' dir='ltr'>Α.</span> <span class='ocrx_word' id='word_1_255' title='bbox 988 4189 997 4206; x_wconf 44' lang='grc' dir='ltr'>Ι</span> <span class='ocrx_word' id='word_1_256' title='bbox 1170 4107 1206 4175; x_wconf 76' lang='lat' dir='ltr'>T.</span> <span class='ocrx_word' id='word_1_257' title='bbox 1218 4109 1283 4178; x_wconf 72' lang='lat'>17.</span> <span class='ocrx_word' id='word_1_258' title='bbox 1300 4115 1330 4196; x_wconf 87' lang='lat'>§.</span> <span class='ocrx_word' id='word_1_259' title='bbox 1343 4113 1499 4179; x_wconf 81' lang='lat' dir='ltr'><em>DXXH.</em></span> <span class='ocrx_word' id='word_1_260' title='bbox 1518 4123 1577 4178; x_wconf 75' lang='lat' dir='ltr'>not.</span> <span class='ocrx_word' id='word_1_261' title='bbox 1596 4135 1626 4180; x_wconf 81' lang='lat' dir='ltr'>o.</span> <span class='ocrx_word' id='word_1_262' title='bbox 1665 4117 1794 4182; x_wconf 82' lang='lat' dir='ltr'>rtinde</span> 
     </span>
     <span class='ocr_line' id='line_1_34' title="bbox 532 4189 1796 4292; baseline 0.003 -36"><span class='ocrx_word' id='word_1_263' title='bbox 532 4193 590 4273; x_wconf 74' lang='lat' dir='ltr'>(x)</span> <span class='ocrx_word' id='word_1_264' title='bbox 612 4191 703 4254; x_wconf 76' lang='lat' dir='ltr'>initia</span> <span class='ocrx_word' id='word_1_265' title='bbox 736 4209 832 4274; x_wconf 88' lang='lat' dir='ltr'>proce</span> <span class='ocrx_word' id='word_1_266' title='bbox 857 4205 934 4286; x_wconf 71' lang='lat' dir='ltr'>num</span> <span class='ocrx_word' id='word_1_267' title='bbox 968 4189 1123 4255; x_wconf 72' lang='lat' dir='ltr'>emerium</span> <span class='ocrx_word' id='word_1_268' title='bbox 1164 4203 1286 4288; x_wconf 68' lang='lat' dir='ltr'>pateat,</span> <span class='ocrx_word' id='word_1_269' title='bbox 1319 4193 1393 4260; x_wconf 85' lang='lat' dir='ltr'>illos</span> <span class='ocrx_word' id='word_1_270' title='bbox 1413 4205 1499 4260; x_wconf 87' lang='lat' dir='ltr'>certe</span> <span class='ocrx_word' id='word_1_271' title='bbox 1518 4195 1622 4292; x_wconf 71' lang='lat' dir='ltr'>minus</span> <span class='ocrx_word' id='word_1_272' title='bbox 1645 4217 1717 4262; x_wconf 80' lang='lat' dir='ltr'>rere</span> <span class='ocrx_word' id='word_1_273' title='bbox 1736 4199 1796 4260; x_wconf 86' lang='lat' dir='ltr'>do·</span> 
     </span>
     <span class='ocr_line' id='line_1_35' title="bbox 491 4269 1796 4367; baseline 0.002 -30"><span class='ocrx_word' id='word_1_274' title='bbox 491 4269 659 4338; x_wconf 82' lang='lat' dir='ltr'>retrorsum</span> <span class='ocrx_word' id='word_1_275' title='bbox 673 4271 775 4367; x_wconf 69' lang='lat' dir='ltr'>nupia</span> <span class='ocrx_word' id='word_1_276' title='bbox 800 4271 939 4344; x_wconf 75' lang='lat' dir='ltr'>extendi,</span> <span class='ocrx_word' id='word_1_277' title='bbox 981 4285 1052 4334; x_wconf 82' lang='lat' dir='ltr'>narn</span> <span class='ocrx_word' id='word_1_278' title='bbox 1072 4290 1123 4334; x_wconf 90' lang='lat' dir='ltr'>or·</span> <span class='ocrx_word' id='word_1_279' title='bbox 1163 4270 1276 4349; x_wconf 80' lang='lat' dir='ltr'>eurise,</span> <span class='ocrx_word' id='word_1_280' title='bbox 1298 4275 1352 4356; x_wconf 82' lang='lat' dir='ltr'>oni</span> <span class='ocrx_word' id='word_1_281' title='bbox 1374 4295 1485 4340; x_wconf 70' lang='lat' dir='ltr'>urum</span> <span class='ocrx_word' id='word_1_282' title='bbox 1507 4295 1666 4359; x_wconf 71' lang='lat' dir='ltr'>orrgmem</span> <span class='ocrx_word' id='word_1_283' title='bbox 1682 4275 1721 4342; x_wconf 83' lang='lat' dir='ltr'>ab</span> <span class='ocrx_word' id='word_1_284' title='bbox 1743 4295 1796 4342; x_wconf 90' lang='lat' dir='ltr'>or·</span> 
     </span>
    </p>
   </div>
   <div class='ocr_carea' id='block_1_12' title="bbox 489 4345 1568 4456">
    <p class='ocr_par' dir='ltr' id='par_1_12' title="bbox 489 4345 1568 4456">
     <span class='ocr_line' id='line_1_36' title="bbox 489 4345 1568 4456; baseline 0.008 -38"><span class='ocrx_word' id='word_1_285' title='bbox 489 4347 635 4448; x_wconf 24' lang='lat' dir='ltr'>bitulona·</span> <span class='ocrx_word' id='word_1_286' title='bbox 658 4347 774 4418; x_wconf 74' lang='lat' dir='ltr'>olitaria</span> <span class='ocrx_word' id='word_1_287' title='bbox 809 4351 872 4416; x_wconf 86' lang='lat' dir='ltr'>irm</span> <span class='ocrx_word' id='word_1_288' title='bbox 920 4351 961 4418; x_wconf 80' lang='lat' dir='ltr'>ob</span> <span class='ocrx_word' id='word_1_289' title='bbox 970 4359 1124 4456; x_wconf 47' lang='lat' dir='ltr'>frustum·</span> <span class='ocrx_word' id='word_1_290' title='bbox 1162 4345 1268 4422; x_wconf 77' lang='lat' dir='ltr'>iicuio</span> <span class='ocrx_word' id='word_1_291' title='bbox 1284 4351 1568 4426; x_wconf 65' lang='lat' dir='ltr'>ouurideoocuor.</span> 
     </span>
    </p>
   </div>
   <div class='ocr_carea' id='block_1_13' title="bbox 0 0 2070 5260">
    <p class='ocr_par' dir='ltr' id='par_1_13' title="bbox 0 0 2070 5260">
     <span class='ocr_line' id='line_1_37' title="bbox 0 0 2070 5260; baseline 0 0"><span class='ocrx_word' id='word_1_292' title='bbox 0 0 2070 5260; x_wconf 95' lang='lat' dir='ltr'> </span> 
     </span>
    </p>
   </div>
  </div>
 </body>
</html>
