4084 5256
487 473 759 544 *commitis
784 475 850 542 bn
871 475 971 542 vna
988 481 1377 551 natnvtranvrrw
1504 488 1589 569 ²³¹:

410 667 619 780 lacrymae
639 671 725 750 illae
745 671 784 748 in
805 668 919 770 lpatlo
940 663 1155 770 triangulati
1174 669 1379 753 cur'uilineo
1397 667 1496 752 inter
1519 681 1582 758 tue

258 767 403 850 midum
419 774 575 850 limbum
595 774 851 874 palpebrarum
875 775 912 854 dt
940 776 1091 872 globum
1121 780 1218 855 oculi
1251 779 1378 856 relido
1403 775 1578 854 collestae
1621 775 1633 786 '

258 873 384 952 versus
396 877 574 953 canthum
592 879 771 954 maiorem
789 889 965 978 perpetua
980 879 1477 981 motitationepalpebrarum
1494 902 1579 978 pro‹

256 976 457 1076 pelluntur.
512 979 567 1056 lbi
582 981 765 1080 palpebris
780 981 815 1058 se
830 982 1033 1080 interponit
1053 1005 1188 1078 agmen
1211 983 1487 1080 glandulosum,
1513 980 1580 1056 ob·

255 1079 433 1186 longum,
460 1083 559 1182 quod
581 1083 779 1160 caruncula
804 1083 1015 1180 lacrymulis
1044 1083 1193 1174 dicitur,
1221 1111 1269 1164 ex
1296 1085 1463 1187 plurimis
1483 1083 1581 1160 folli-

255 1182 350 1258 culis
365 1182 524 1269 sebaceis
538 1185 799 1284 commitam,
827 1187 909 1286 qui,
936 1199 977 1266 vt
997 1185 1078 1262 aliis
1093 1189 1277 1266 eiusmodi
1297 1187 1470 1266 folliculis
1490 1209 1580 1262 con·

255 1284 383 1382 tingit.
412 1284 632 1409 saepeupilos
650 1289 784 1409 edunt,
811 1289 849 1367 dr
864 1287 1087 1386 comprellae
1112 1291 1358 1368 vermiculum
1381 1289 1578 1368 sebaceum

253 1403 911 1594 taltlllaltlllbabbb
931 1389 1154 1570 lutra
1167 1404 1291 1580 ii&
1304 1391 1582 1581 stallati

254 1593 362 1670 cuius
377 1598 770 1695 concauitastempora
792 1598 952 1696 respicit3
985 1597 1077 1674 facta
1100 1621 1145 1672 ex
1170 1596 1400 1694 duplicatum
1425 1596 1581 1686 conium,

254 1694 391 1788 diuae,
417 1697 455 1774 ln
470 1697 623 1777 bomine
637 1701 810 1791 minima,
833 1715 873 1778 vt
886 1701 971 1776 leue
986 1699 1065 1776 fere
1086 1701 1362 1776 imitamentum
1377 1695 1576 1796 palpebrae

252 1798 388 1874 tertiae
413 1801 641 1888 animalium,
662 1823 773 1902 quam
789 1827 855 1902 pro
871 1803 992 1884 lubitu
1007 1827 1079 1907 ope
1092 1802 1288 1908 pecoliaris
1312 1799 1467 1884 musculi
1487 1815 1578 1882 tritu·-¹

253 1897 292 1976 lo
308 1901 517 2006 obducunt,
545 1905 616 1984 eise
630 1906 809 1990 rideatur.
853 1930 883 1949 ·‘

868 2273 877 2292 .
931 2215 978 2295 ll.

487 2411 493 2420 ·
626 2386 629 2394 ·
670 2213 889 2454 Canalicrfii
917 2354 1156 2478 lacrymabo.
1198 2417 1202 2430 ·
1241 2423 1245 2434 .
1314 2419 1332 2434 ·.

407 2519 510 2604 Ante
524 2523 760 2602 carunculam
784 2525 1024 2623 lacrymalem
1049 2524 1096 2600 ad
1119 2524 1235 2600 linem
1252 2517 1466 2599 interiorem
1487 2513 1576 2600 tarss

249 2625 292 2708 ln
305 2625 497 2728 veriusque
521 2627 718 2727 palpebrae
739 2630 906 2724 margine
927 2628 1069 2703 eminet
1082 2626 1223 2724 'papilla
1243 2624 1420 2705 rotunda.
1446 2623 1488 2698 in
1507 2645 1577 2705 ων.

247 2733 312 2812 ius
331 2731 435 2829 apice
457 2730 765 2806 animaduertitur
794 2729 936 2826 semper
965 2729 1134 2804 foramen
1157 2749 1280 2804 vnum
1308 2721 1571 2812 mauseolum,

246 2833 392 2918 instato
404 2825 1571 2935 sanciemperapermmpuodsatisfacilesetamreciperepotest,

247 2937 290 3018 dt
306 2935 483 3032 puntium
499 2929 701 3028 lacrymale
714 2931 858 3008 dlcitur.
911 2930 1084 3008 vuinter
1098 2930 1270 3007 vltimom
1287 2929 1450 3008 obduro
1468 2929 1574 3026 glan·

242 3037 425 3117 dularum
441 3032 773 3111 Meibomianarum
801 3031 925 3111 &boc
938 3030 1107 3109 foramen
1126 3032 1280 3134 spatium
1303 3032 1489 3131 quoddam
1511 3053 1574 3108 re·

243 3135 449 3238 linquitur,
489 3135 667 3224 liberum,
705 3157 778 3234 quo
805 3133 1002 3232 glandulae
1027 3133 1113 3211 illae
1139 3157 1215 3214 non
1242 3136 1480 3235 pertingunt,
1517 3133 1572 3212 ita

243 3263 404 3346 quoque
418 3237 595 3339 punstum
608 3236 808 3334 lacrymale
823 3259 899 3312 non
915 3238 1046 3312 eadem
1072 3235 1161 3314 serie
1182 3260 1270 3315 cum
1291 3237 1440 3316 orificiis
1465 3234 1572 3334 glan·

241 3346 424 3426 dularum
444 3339 599 3440 poitum
617 3339 686 3422 cll,
715 3337 776 3414 led
790 3335 838 3415 ad
851 3341 1034 3416 anteriora
1048 3339 1167 3435 magis
1180 3339 1341 3428 accedit,
1367 3353 1426 3426 ut,
1452 3357 1572 3437 quum

240 3447 391 3528 crificia
407 3443 665 3542 glandularum
683 3441 792 3538 globo
807 3440 905 3518 oculi
924 3441 1075 3518 obuersa
1092 3438 1178 3527 lint,
1203 3442 1338 3544 publia
1356 3439 1571 3541 lacrymalia

240 3551 315 3656 ubi
330 3573 378 3629 ex
391 3546 544 3629 aduerso
558 3541 720 3648 opposita
733 3544 770 3626 le
781 3544 945 3624 inuicem
965 3542 1170 3647 respiciant.
1304 3637 1309 3650 f

239 3893 250 3902 ·
406 3853 547 3940 Pontia
560 3851 655 3934 haec
664 3851 882 3957 'lacrymalla
896 3851 1039 3936 ducunt
1059 3847 1098 3932 ln
1121 3847 1217 3932 door
1236 3843 1476 3938 malleolos.
1501 3871 1571 3930 no·

239 3957 357 4046 mine
386 3959 568 4037 canalium
606 3959 880 4059 lacrymabum,
926 3963 990 4061 qui
1022 3959 1069 4036 ad
1096 3957 1131 4034 se
1158 3957 1320 4038 inuicem
1346 3956 1569 4034 accedente·

239 4063 445 4146 communi
461 4062 715 4161 receptaculo,
740 4065 841 4162 quod
856 4064 979 4147 iacme
1000 4059 1210 4162 lacrymulis
1230 4059 1380 4142 dcitur.
1405 4058 1569 4138 inierun-

233 4181 323 4252 tur.
377 4164 612 4242 Canaliculoa
625 4163 820 4264 palpebrae
836 4165 1029 4268 superioris
1049 4167 1087 4244 ln
1116 4163 1248 4242 itinere
1272 4163 1397 4241 verius
1422 4161 1567 4238 saccum

235 4267 413 4375 nasalem
427 4285 502 4343 non
541 4289 646 4347 arum
661 4265 875 4358 descendit·
892 4281 934 4348 rt
947 4269 995 4348 ad
1013 4267 1190 4374 angulum
1207 4278 1358 4345 acumm
1379 4265 1567 4366 iungatur,

225 4393 339 4460 eum
359 4369 498 4458 canabe
538 4363 854 4480 anteneri-,poi
879 4363 999 4476 magia
1025 4365 1564 4550 ampetiturdemrrlthdz.
