4064 5260
617 485 716 540 cao.
736 489 803 542 xl.
834 487 892 540 ue
909 483 1052 542 vuurs
1073 487 1225 546 ocvur.
1501 491 1573 568 209

386 668 525 747 'Remo
540 667 604 745 illo
632 667 822 769 lacrymali
853 665 959 746 edito
983 682 1137 746 truncus
1161 669 1356 748 introrsum
1383 680 1572 751 transuer-

241 771 467 871 inspergit,
495 770 712 849 &musculo
725 771 899 872 superiori
924 769 1102 848 subietlus
1125 771 1164 847 in
1189 797 1325 850 conum
1352 797 1374 850 a
1397 775 1570 854 musculis

245 877 449 954 formatum
464 872 501 949 se
514 873 721 973 immergit,
757 899 831 974 quo
854 874 893 948 iu
914 874 1068 964 itinere,
1104 876 1193 952 dum
1216 875 1317 952 bulbi
1339 890 1482 976 partem
1504 902 1570 978 po·

182 1003 186 1008 ·
245 977 434 1054 steriorem
448 977 701 1076 pmeterlegit‚
728 977 806 1054 lere
824 975 966 1074 semper
986 977 1139 1076 praebet
1160 977 1322 1056 ciliarem
1346 979 1571 1078 superiorem

246 1079 448 1167 maiorem,
473 1077 512 1156 δι
525 1081 688 1158 ramulos
704 1080 845 1180 aliquot
857 1079 907 1156 ad
927 1078 1135 1158 musculum
1157 1078 1381 1182 superiorem
1402 1081 1444 1162 'bt
1466 1072 1592 1162 leua-'

246 1193 369 1258 torem
388 1179 595 1280 palpebrae.

386 1409 449 1492 Aa
463 1413 561 1492 latus
575 1411 729 1488 demum
757 1411 946 1490 internum
972 1407 1075 1488 bulbi
1107 1409 1223 1492 oritur
1248 1439 1374 1494 ramus
1399 1414 1571 1511 interior.

247 1513 330 1616 qui,
358 1517 469 1593 ramis
487 1515 534 1594 ad
548 1513 754 1618 musculum
768 1511 984 1592 interiorem
1002 1515 1040 1592 ἁ
1060 1513 1251 1614 obliquum
1270 1519 1491 1619 superiorem
1508 1525 1573 1602 da·

247 1619 308 1705 tis,
325 1619 364 1693 in
380 1617 538 1698 fundum
555 1617 694 1694 orbitae
713 1613 748 1692 se
762 1615 965 1712 demergit,-
989 1616 1208 1716 plerumque
1232 1621 1395 1698 ciliarem
1416 1624 1571 1721 praebet

245 1719 415 1804 tertiam3
455 1743 600 1798 ramum
627 1717 788 1818 denique
814 1732 1012 1816 utrumque
1043 1719 1369 1812 anastomoticum,
1408 1725 1569 1805 alterum

247 1823 433 1900 minorem
450 1837 581 1901 trunco
595 1821 791 1908 insertum,
818 1822 978 1898 altorum
1004 1821 1185 1900 maiorem
1206 1824 1369 1902 inferiori
1389 1827 1567 1909 iuutlum.
1691 1827 1702 1836 '

245 1925 389 2004 Ramus
401 1923 464 2002 ille
482 1924 634 2002 interior
665 1921 780 1998 semel
808 1922 899 1998 mihi
928 1921 1023 1998 visus
1055 1923 1107 2000 est
1136 1946 1296 2022 magnus
1325 1941 1457 2008 trunco
1488 1923 1600 2006 sere'

244 2026 430 2126 aequalis,
457 2025 521 2126 qui
535 2025 701 2114 adlatus
712 2023 902 2106 internum
931 2023 1164 2106 acl-fundum
1193 2028 1332 2106 orbitae
1359 2028 1567 2120 descendit.
1618 2069 1625 2082 ,

244 2131 432 2207 ramulum
447 2125 564 2202 emisit
577 2125 882 2202 anastomoticum
902 2147 986 2200 cum
1003 2125 1182 2214 inferiori,
1210 2129 1307 2208 inter
1319 2131 1504 2226 musculos
1524 2135 1564 2214 δι

245 2227 457 2332 periostium
475 2229 611 2304 iterum
626 2223 815 2301 adscendit
842 2226 983 2324 aliquot
1009 2226 1135 2303 insulis
1160 2229 1285 2320 saltis,
1314 2224 1566 2314 ethmoideam

245 2331 469 2513 anteriorgruu
488 2328 674 2432 praebuit,
701 2325 740 2408 u
760 2349 876 2432 prope
898 2325 1102 2406 trochleam
1123 2352 1242 2409 venae
1268 2345 1400 2412 trunco
1428 2336 1566 2416 iterum

151 2465 155 2476 ’
243 2433 391 2516 iunctus
454 2433 492 2512 't.

1325 2520 1357 2614 ,ἡ
1523 2551 1533 2564 .

374 2687 484 2767 lude
499 2684 658 2766 adlatus
673 2685 863 2764 internum
888 2684 985 2766 oculi
1005 2693 1159 2764 truncus
1183 2689 1388 2768 antrorlum
1415 2713 1565 2790 progre-

243 2785 363 2880 ditur,
388 2803 555 2890 quartam
575 2789 727 2889 praebet
741 2789 922 2872 ciliaremr
950 2790 1254 2868 anastomotioum
1269 2815 1356 2868 oum
1376 2794 1560 2898 lacryma·

242 2893 291 2978 li,
318 2892 358 2969 δι
374 2894 488 2968 alium
505 2913 591 2967 cum
616 2890 800 2978 interiori,
841 2891 1005 2968 ramulos
1032 2893 1081 2967 ad
1105 2893 1313 2970 leuatorem
1337 2893 1375 2968 ἀ
1402 2893 1561 2990 superio-

242 3016 345 3079 rem,
371 3014 484 3091 prope
498 2989 703 3071 trochleam
720 2990 971 3068 ethmoideam
986 2992 1219 3080 anteriorem,
1237 2993 1395 3070 arteriae
1413 2993 1562 3074 sociam.

245 3095 309 3175 Ad
324 3095 502 3192 angulum
518 3091 672 3168 demum
686 3089 873 3169 internum
888 3091 1065 3168 diuiditur
1083 3095 1122 3170 iu
1137 3093 1380 3194 palpebram,
1407 3119 1493 3176 oum
1508 3099 1562 3176 la·
1664 3099 1670 3106 '

245 3197 469 3296 erymalibus
487 3216 593 3272 arcus
607 3193 746 3273 tarseus
762 3193 959 3278 facientem
986 3193 1184 3274 frontalem
1206 3195 1450 3297 profundum,
1476 3197 1561 3278 dor·

244 3301 357 3378 salem
373 3297 466 3386 nafi,
494 3321 580 3378 cum
595 3297 700 3376 fimili
714 3317 810 3374 vena
826 3296 977 3374 alterius
991 3297 1116 3376 lateris
1136 3301 1175 3378 in
1200 3299 1358 3398 glabella
1378 3301 1558 3390 iuntlam.

244 3405 284 3486 ἀ
300 3405 337 3482 in
352 3403 520 3480 uciolem
534 3425 670 3480 venam
685 3401 838 3492 demum
859 3402 1106 3481 continuatur.
1160 3404 1218 3482 Ex
1238 3403 1308 3482 hac
1333 3427 1422 3500 ergo
1447 3429 1559 3506 appa·
1637 3477 1642 3488 .

243 3522 303 3590 ret
316 3505 557 3604 descriptione
573 3529 687 3582 venas
701 3500 969 3602 ophthalmicus
991 3525 1066 3580 non
1081 3503 1177 3582 adeo
1205 3503 1277 3582 elle
1308 3503 1442 3582 slmiles
1463 3523 1560 3587 arte·

239 3614 399 3698 riarum,
426 3621 467 3686 vt
480 3607 628 3706 plurimi
642 3605 878 3688 crediderunt
891 3603 1121 3698 anatomici,
1148 3615 1210 3708 qui
1225 3607 1295 3684 hac
1308 3608 1483 3708 opinione
1497 3609 1560 3688 ab·

244 3713 343 3791 dotti
357 3711 638 3790 venasomnino
654 3710 910 3808 neglexerunt.
963 3704 1037 3786 Elii
1052 3709 1153 3785 euim
1171 3711 1262 3792 rami
1288 3714 1447 3790 maiores
1470 3735 1558 3791 oum
1618 3741 1621 3748 ·

245 3811 387 3893 arteriis
409 3815 684 3915 quodammodo
710 3813 953 3902 conueoiaut,
995 3808 1191 3912 saepiffime
1213 3826 1340 3892 tamen
1373 3815 1559 3894 diuersum

244 3917 291 3995 ab
304 3918 376 3994 illis
394 3929 525 3994 tenent
540 3916 750 4002 decursum,
779 3915 942 3991 minores
959 3925 1086 3992 autem
1103 3915 1235 3996 ramuli
1252 3915 1290 3994 &
1311 3917 1452 3994 ciliares
1468 3916 1560 3994 nibil

242 4021 321 4099 lere
337 4042 422 4096 cum
436 4019 619 4098 ciliaribus
631 4017 812 4096 arteriolis
832 4037 1033 4094 commune
1045 4017 1194 4096 habent.
1246 4019 1416 4115 inprimis
1430 4032 1558 4096 autem

244 4121 438 4201 obseruatu
463 4123 617 4217 dignum
643 4119 807 4206 videtur,
842 4141 975 4197 omues
1004 4143 1128 4198 ramos
1152 4119 1311 4196 maiores
1337 4121 1449 4199 ramis
1475 4119 1558 4198 satis

242 4224 388 4322 magnis
404 4221 615 4302 anastomoli
634 4221 759 4324 patula
777 4221 828 4300 ita
844 4219 941 4298 iuter
962 4218 998 4300 se
1018 4223 1139 4320 iungi,
1165 4235 1207 4296 vt
1227 4221 1404 4320 circulum
1427 4224 1559 4304 conili-

244 4338 373 4418 tuaot,
399 4324 512 4404 bulbo
524 4325 624 4404 oculi
645 4327 730 4406 lare
745 4323 1054 4506 οἱτοιιωᾱυὲῦυᾶη,
1080 4325 1120 4406 ἂ
1135 4323 1280 4424 languis
1304 4324 1489 4410 liberrime
1512 4353 1560 4406 ex

1036 4505 1042 4513 .
1488 4455 1562 4510 vna
