4098 5260
438 465 495 574 η
650 475 1551 550 bssenrenroannnamoevcrnvunnr·
1671 547 1677 554 .

373 689 377 697 '
440 673 598 760 Vascula
615 686 760 762 autern,
788 675 938 778 quaein
953 673 1037 753 albo
1063 675 1161 754 oculi
1185 671 1233 754 lic
1258 673 1572 776 dislo'l'aepillime
1601 675 1761 772 ludunt:

441 797 486 862 ct
498 781 689 882 paululum
704 777 933 858 inflammata
950 780 1112 855 multum
1129 781 1177 856 de
1187 779 1248 856 illa
1265 777 1759 876 pulchritudinedetrahult.

443 911 520 986 qua
540 884 638 962 oculi
653 881 836 968 sanilbmi‚
863 883 901 956 in
924 882 1058 980 quibus
1079 882 1142 958 iris
1166 881 1361 958 verficolor
1389 885 1572 981 purimmo
1598 889 1760 964 candore

443 992 625 1087 cingitur,
659 984 832 1062 omnibus
856 985 892 1061 se
914 985 1198 1070 commendant,
1224 1009 1299 1062 non
1329 989 1453 1062 omnia
1485 983 1533 1062 aii
1562 989 1762 1065 coniunsli·

444 1117 552 1179 vam,
580 1090 633 1166 uti
648 1087 761 1184 vulgo
773 1089 926 1186 quidem
944 1088 1112 1174 traditur,
1140 1089 1313 1173 attinent,
1342 1087 1592 1188 sandapilas
1612 1093 1660 1168 ibi
1680 1092 1768 1170 lunt'

445 1195 612 1294 generis,
639 1193 740 1291 quod
755 1191 922 1290 inprimis
939 1189 977 1267 in
994 1211 1089 1292 aqua
1105 1189 1295 1267 submersis
1310 1205 1377 1266 aut
1390 1193 1463 1268 alin
1479 1195 1592 1270 modo
1611 1191 1764 1272 suffoca-

445 1301 516 1386 tis,
544 1295 772 1394 experientia
784 1295 925 1392 optime
942 1317 1005 1370 me
1019 1295 1158 1372 docuit.
1210 1291 1363 1372 Vascula
1387 1295 1486 1372 enim
1510 1296 1583 1396 ipsa
1609 1299 1765 1374 coniun-

302 1399 323 1476 ’,
445 1401 568 1480 &luae
587 1401 624 1478 in
640 1397 824 1475 eiusmodi
837 1397 1049 1473 hominibus
1064 1395 1221 1496 plurima
1244 1395 1396 1496 quidem
1421 1399 1516 1490 vidi,
1544 1399 1607 1475 sed
1625 1397 1764 1477 tenuis
1825 1425 1830 1459 ¹

444 1504 559 1594 fima‚
593 1518 633 1578 et
653 1501 786 1578 itinere
807 1499 983 1600 parallelo
1007 1500 1056 1576 ad
1078 1521 1255 1594 comeam
1276 1499 1420 1592 delata,
1446 1514 1488 1578 et
1508 1502 1625 1580 rarius
1650 1502 1763 1580 ramis

443 1605 662 1688 lateralibus
682 1605 781 1682 inter
803 1601 839 1680 le
859 1601 999 1692 iunc'la,
1037 1623 1133 1702 quae
1157 1625 1229 1682 vna
1248 1625 1346 1680 curn
1358 1604 1590 1681 coniuniliua
1613 1605 1764 1682 volsella

442 1723 595 1810 arrepta
615 1707 754 1796 attolli,
779 1708 974 1805 variasque
998 1705 1037 1780 in
1056 1715 1186 1815 partes
1212 1706 1356 1782 moueri
1382 1705 1536 1805 possunt.
1572 1705 1675 1784 ‘Alia
1697 1731 1764 1786 au-

445 1831 531 1893 tem
551 1812 710 1896 maiora,
746 1831 867 1908 eaque
890 1806 1056 1906 inprimis
1077 1807 1272 1908 conspicua
1299 1831 1399 1910 pone
1424 1809 1696 1888 coniuniiiuam
1722 1813 1764 1888 in

443 1915 525 2024 {pla
541 1914 728 1992 sclerotica
748 1911 968 1992 decurrunt,
992 1909 1138 1988 vascula
1153 1933 1290 2009 nempe
1311 1912 1446 1988 ciliaria
1460 1913 1656 1998 anteriora,
1680 1929 1765 1994 tum

446 2016 623 2108 arteriosa
638 2031 719 2091 tum
732 2011 886 2120 reunia,
914 2010 1082 2112 plurimis
1097 2011 1256 2092 arcubus
1272 2037 1378 2092 more
1398 2015 1477 2092 sere
1494 2016 1663 2096 vasorum
1683 2042 1765 2096 me·

446 2122 715 2202 sentericorum
731 2115 829 2194 inter
844 2115 881 2191 se
895 2113 1035 2198 ianua,
1063 2137 1159 2216 quae
1176 2115 1402 2195 scleroricam
1419 2119 1470 2195 ibi
1491 2121 1697 2218 perforant,
1725 2134 1765 2200 et

447 2227 563 2320 longe
577 2219 765 2320 interdum
784 2215 899 2315 ipsam
920 2217 1084 2294 radicem
1107 2243 1265 2298 corneae
1287 2223 1437 2318 legunt,
1464 2235 1504 2299 et
1533 2225 1582 2300 ad
1603 2225 1765 2320 ,creden-

447 2329 542 2408 dum
556 2324 635 2402 sere
649 2319 824 2406 adducor,
851 2341 1004 2397 ornnem
1021 2321 1100 2400 sere
1115 2323 1357 2424 opthalmlam
1370 2326 1537 2424 inprimis
1554 2329 1765 2424 grauiorem

448 2453 528 2511 non
545 2425 641 2503 adeo
656 2420 811 2498 vasculis
825 2421 1099 2518 coniunsiiuae,
1126 2425 1191 2506 sed
1204 2429 1330 2532 potius
1349 2425 1589 2512 inflammatis
1610 2429 1764 2516 vasculis

446 2529 661 2616 &ceticae
675 2523 803 2608 deberi
817 2523 894 2642 (ὁ),

1034 2766 1071 2868 §-
1120 2761 1241 2846 rn·

751 2901 955 2998 Canninio
963 2903 1196 3024 scleraticae
1214 2933 1298 2998 cnm
1313 2929 1467 2998 cornea.

442 3051 446 3061 '
566 3051 673 3146 Quae
688 3066 817 3136 autem
831 3059 877 3134 acl
892 3053 1006 3154 ipsam
1020 3079 1139 3157 nsque
1158 3079 1319 3134 corneae
1342 3053 1524 3152 originem
1550 3049 1769 3132 attenuans

451 3157 516 3240 hir
534 3155 740 3246 sclerotica,
767 3160 816 3236 ad
846 3158 963 3258 ipsum
992 3161 1175 3237 ambitum
1202 3159 1339 3236 iterum
1365 3157 1559 3256 paululum
1587 3154 1769 3235 incrassari

453 3261 548 3342 mihi
561 3261 634 3338 visa
655 3261 726 3351 est,
752 3261 814 3337 vbi
829 3261 943 3338 fibrae
963 3263 1062 3340 illius
1082 3267 1121 3342 in
1143 3284 1320 3339 corneam
1340 3261 1442 3337 abire
1464 3261 1652 3360 incipiunt.
1706 3257 1770 3337 Est

454 3379 584 3441 autem
599 3387 734 3440 cornea
749 3387 833 3462 pars
847 3365 1058 3443 scleraticae
1075 3367 1226 3467 quidem
1249 3363 1445 3448 continua,
1471 3362 1532 3438 sed
1547 3365 1666 3460 magis
1681 3383 1771 3437 con·

453 3487 551 3543 vexa
568 3465 818 3564 etpellucida.
868 3469 926 3545 De
948 3471 1089 3564 origine
1121 3483 1161 3548 et
1188 3465 1421 3544 connexione
1455 3478 1583 3540 autern
1610 3485 1769 3542 cumeae

454 3585 532 3644 n'on
547 3591 678 3666 parum
696 3569 792 3646 inter
805 3567 1050 3648 Anatomicos
1067 3571 1139 3649 fuit
1151 3571 1388 3672 disputatum.
1442 3567 1518 3645 Etsi
1539 3567 1648 3644 enim·
1658 3567 1771 3667 pluri·

453 3669 509 3747 mi
523 3669 736 3749 Anatomici
749 3672 788 3748 in
804 3695 851 3778 ec
869 3671 1147 3761 consenserunt,
1171 3689 1213 3751 vt
1226 3694 1313 3750 cum
1329 3672 1479 3749 Caeso
1495 3671 1545 3768 (c)
1569 3681 1611 3747 et
1623 3672 1772 3748 Gau·

456 3795 521 3850 no
543 3771 609 3868 (d)
634 3773 830 3858 docerent,
855 3773 969 3874 ipsam
985 3777 1212 3856 scleratimm
1237 3778 1276 3856 in
1301 3797 1475 3852 corneam
1496 3773 1615 3860 abire,
1642 3773 1770 3873 illique

454 3871 505 3952 lic
522 3875 746 3963 continuari,
773 3891 963 3957 vtcornea
986 3907 1053 3982 pro
1075 3881 1286 3958 sclerobcae
1307 3891 1432 3978 parte,
1460 3887 1500 3954 et
1525 3889 1680 3975 utraque
1703 3897 1770 3975 pro

454 3995 530 4056 vna
545 3977 752 4078 eademque
766 3977 809 4056 srt
827 3981 997 4063 habenda
1012 3980 1155 4075 tunica,
1182 3983 1284 4084 quod
1298 3980 1467 4082 inprimis
1480 3978 1597 4057 Gallis
1616 3979 1672 4077 (a)
1693 3979 1773 4080 pla·

455 4102 543 4160 cere
557 4081 723 4174 ridetur,
748 4083 866 4185 quiet
880 4085 1162 4172 scleraticamet
1176 4109 1353 4170 curnem
1378 4083 1514 4164 eodem
1536 4081 1690 4264 nnmipe
1716 4082 1773 4158 in·

1653 4207 1770 4286 ignire

497 4341 554 4428 (6)
567 4341 680 4432 Suppl.
693 4336 728 4426 C.
736 4343 762 4420 1.
776 4343 849 4428 §.a
1179 4347 1244 4510 sd)
1267 4347 1318 4416 De
1330 4349 1472 4501 vbsm‘
1490 4349 1511 4418 l.
1522 4347 1564 4414 X.
1581 4367 1606 4412 e.
1615 4363 1649 4430 3.
1766 4307 1770 4316 Ι

496 4507 547 4594 (ι)
567 4507 589 4575 l.
604 4523 632 4578 a
1141 4429 1339 4586 ubbcvbsce.
1351 4517 1401 4584 αἱ

1394 4451 1574 4502 russone.
1594 4425 1775 4500 sman-
1899 4453 1904 4464 ·
2037 4435 2038 4448 ¹
