4094 5262
454 411 503 495 86
660 423 943 486 onscnrrrro
962 425 1174 486 suornm.
1192 426 1331 490 ocum
1352 431 1551 492 uvunur·

457 612 594 693 Melius
612 623 712 691 certe
726 612 1002 713 placet'tsreoria
1016 615 1232 692 Bnnnnnr
1245 613 1339 716 (b),
1366 619 1430 717 qui
1446 619 1567 696 varios
1586 615 1687 698 iridis
1699 647 1779 702 eoo

456 719 555 795 lores
570 718 721 794 deducit
734 718 780 794 ab
795 715 878 813 ipfis
893 717 1003 796 radiis
1017 718 1131 808 lucis,
1153 719 1243 796 dum
1259 719 1296 794 in
1312 722 1534 820 multiplices
1548 723 1631 800 illes
1654 725 1779 802 fibru·=

454 843 539 899 rum
555 843 673 896 vueue
694 818 903 917 superficies
923 820 1110 908 incidunt,
1137 845 1203 919 pro
1226 821 1403 898 concursu
1423 827 1523 900 vario
1546 826 1783 903 eminentia-s

453 945 537 1002 rum
555 935 594 998 et
614 921 834 1006 eunitarum,
862 919 1004 1020 saepius
1024 925 1198 1020 varieque
1222 923 1386 1005 reflexim
1414 925 1452 1003 dr
1482 925 1781 1023 optaremus

453 1047 538 1104 rum
556 1025 722 1100 historiae
736 1024 933 1112 naturalis,
961 1023 1023 1122 qui
1036 1025 1075 1098 in
1098 1024 1340 1124 descriptione
1354 1026 1528 1104 Thesauri
1545 1031 1677 1106 'rerum
1696 1037 1782 1107 nei.

453 1126 628 1206 toralium
645 1125 757 1222 Regis
774 1125 976 1200 Galliarum
996 1127 1136 1224 optime
1154 1128 1291 1204 decent
1305 1126 1382 1221 (c),
1409 1129 1640 1206 substantium
1655 1131 1770 1224 iridis·

430 1229 617 1309 “villosam
636 1252 701 1327 per
715 1227 778 1302 fila
793 1225 831 1302 dr
845 1227 1020 1304 flocculos
1031 1229 1084 1304 ita
1099 1227 1169 1304 esse
1182 1227 1409 1327 dispositam,
1435 1243 1476 1306 vt
1490 1230 1635 1308 flocculi
1649 1233 1772 1312 inter-s

454 1331 554 1409 uuila
569 1331 717 1408 filorum
736 1329 906 1404 radiatim
921 1329 1139 1410 sere-uersus
1154 1345 1323 1408 centrum
1339 1331 1498 1430 pupiilae
1512 1333 1781 1422 tendentium.-

455 1457 636 1532 oocupare
651 1432 865 1520 videantur,
893 1431 1025 1530 quibus
1041 1431 1302 1529 elegentissime
1322 1434 1420 1510 inter
1437 1433 1476 1512 se
1494 1437 1679 1514 contextis
1698 1459 1762 1516 ru·

452 1538 498 1616 rii
510 1536 610 1612 iridis
626 1535 769 1610 colores
782 1533 1000 1610 formentur.
1022 1573 1031 1590 ·
1053 1537 1223 1634 Inprimis
1241 1549 1367 1612 autem
1383 1537 1545 1632 gaudeo,
1573 1537 1780 1637 quodopim

452 1639 605 1715 nionem
618 1658 742 1710 meam
760 1633 923 1732 superius
936 1635 1106 1725 olintum,
1133 1661 1245 1736 quam
1260 1649 1348 1714 ente
1362 1637 1558 1716 duodecim
1573 1641 1761 1716 iammon-

439 1739 509 1818 ses
525 1737 713 1839 proposui,
739 1737 956 1835 priusquam
969 1737 1081 1814 libros
1096 1740 1209 1816 modo
1234 1739 1349 1816 distes
1370 1738 1644 1838 peruoiuiisem‚
1671 1763 1782 1819 oon-r

452 1841 638 1920 firmatum
653 1863 753 1914 nunc
770 1838 1147 1922 videam-testimonio
1159 1835 1364 1937 grauissimo
1378 1841 1434 1928 isi
1449 1843 1679 1930 Hnnnnur,
1695 1842 1780 1942 qpi.
1825 1917 1832 1924 .

450 1945 490 2024 in
508 1943 599 2020 libro
615 1939 806 2018 nouissimo
820 1941 945 2028 docet,
971 1939 1056 2020 vase
1076 1964 1195 2020 vuene
1216 1942 1388 2020 decolora
1410 1944 1529 2022 mum
1547 1945 1627 2042 tegi
1645 1943 1781 2024 cellum

451 2045 528 2125 lose
541 2046 704 2122 colorare
719 2040 930 2132 viisofitnte,
956 2065 1052 2140 quae
1072 2043 1381 2124 flocculosseciet
1397 2043 1484 2139 (d).
1501 2045 1780 2163 postumio·
1911 2086 1916 2099 ·

450 2144 745 2252 prioribueribris
759 2145 869 2222 fibras
884 2145 923 2226 dr
936 2144 1081 2228 vascuta
1100 2146 1191 2239 veris
1213 2145 1345 2227 coloris
1368 2146 1410 2230 iu
1435 2157 1614 2230 verrente
1637 2145 1768 2228 hono.

447 2273 542 2334 uum
553 2247 787 2352 descripserat
803 2247 871 2354 (e).

572 2459 738 2541 Floccuii
759 2459 812 2538 illi
833 2460 974 2560 optime
992 2461 1032 2539 in
1054 2459 1287 2564 conspeiium
1307 2463 1481 2554 veniunt,
1506 2461 1547 2538 in
1564 2461 1674 2542 oculo
1698 2484 1758 2543 re·

444 2570 573 2640 center
585 2561 732 2648 eoulso,
755 2559 928 2636 sriridem
943 2565 981 2636 in
995 2589 1130 2660 nquam
1142 2569 1331 2654 inietiam,
1357 2563 1593 2664 microscopio
1606 2589 1778 2643 occure·

444 2665 521 2740 tius
554 2663 828 2744 examinemus,
877 2663 938 2738 vbi
970 2666 1111 2758 optime
1145 2679 1315 2762 apparet.
1360 2669 1406 2739 ab
1446 2667 1519 2739 iliis
1555 2669 1656 2742 varie
1693 2689 1760 2741 oo-

444 2763 573 2842 loratis
590 2763 711 2838 varios
724 2763 825 2840 iridis
839 2765 981 2840 colores
993 2765 1159 2862 inprimis
1172 2765 1335 2862 pendere
1350 2765 1426 2866 (f).
1479 2767 1524 2842 In
1537 2765 1756 2842 oculoeniru

448 2867 524 2943 inm
556 2865 728 2951 flaccido,
772 2865 972 2964 incipiente
1000 2863 1127 2941 senfim
1153 2865 1349 2964 putredine
1378 2864 1523 2942 flocculi
1547 2865 1600 2942 ilii
1626 2865 1756 2945 sensrm

447 2967 679 3068 splendorem
694 2966 888 3058 omittunt,
915 2969 1109 3047 &colores
1130 2968 1321 3065 elegentes
1335 2966 1580 3053 obsolescunt,
1606 2967 1670 3046 etsr
1686 2969 1754 3046 hu·

446 3093 530 3150 mor
544 3083 624 3148 ater
639 3070 685 3145 nb
699 3068 800 3146 iridis
815 3081 920 3166 tergo
934 3071 1099 3146 nondum
1114 3069 1289 3146 abstersus
1309 3069 1440 3159 suerit,
1465 3071 1537 3155 im,
1562 3083 1603 3146 vt
1624 3067 1757 3146 villosi·

443 3173 581 3251 tessilo
598 3173 707 3271 plane
724 3170 959 3270 expallescet,
987 3171 1025 3248 dr
1038 3171 1076 3246 in
1098 3170 1222 3271 spiritu
1241 3171 1318 3272 vini
1338 3173 1485 3263 album,
1508 3195 1666 3270 opacum
1691 3195 1756 3248 ve·

368 3291 373 3300 ·
447 3277 528 3354 lum
544 3275 689 3352 reserat.
743 3275 828 3350 Non
845 3273 960 3351 solum
978 3287 1104 3350 autem
1116 3275 1159 3350 in
1173 3275 1310 3352 annulo
1324 3274 1473 3364 maiori,
1501 3273 1564 3350 sed
1583 3275 1621 3349 in
1636 3297 1772 3350 ennu··

443 3378 481 3454 lo
499 3380 610 3454 etiarn
627 3374 777 3474 minori.
813 3374 851 3451 u
865 3378 939 3476 ipso
952 3377 1113 3474 pupillae
1133 3375 1267 3468 limbo,
1294 3377 1344 3452 ibi
1364 3376 1451 3450 licet
1470 3377 1589 3452 multo
1607 3376 1753 3454 breuio-

444 3499 526 3560 res,
550 3475 733 3554 obseruari
744 3474 900 3576 possunt.
953 3477 1072 3554 Sedes
1088 3491 1215 3554 tamen
1231 3477 1397 3556 colorum
1411 3477 1512 3552 iridis
1526 3478 1564 3552 in
1578 3478 1649 3580 iliis
1663 3478 1753 3556 floc-

444 3579 539 3660 uuiis
552 3578 653 3654 iridis
668 3577 864 3658 nonunice
879 3580 945 3658 sita
960 3577 1031 3656 esse
1047 3578 1204 3656 videtur.
1272 3579 1512 3684 Pigmentum
1535 3581 1636 3656 enim
1661 3579 1753 3655 illud

1617 3695 1750 3772 atrum,

418 3967 422 3974 Ι
484 3881 542 3968 (i)
563 3881 735 3954 Deutm
749 3880 1079 3952 senoensem&
1135 3885 1228 3968 ,ssi
1248 3885 1363 3952 siirnrn
1380 3883 1449 3952 fere
1468 3885 1672 3958 videremur
1684 3901 1751 3949 nou

440 3985 559 4051 Μοᾼ.
741 3996 748 4004 ·
1121 3985 1249 4042 omnes,
1272 3969 1324 4050 qni
1344 3979 1483 4050 tapetum
1507 3963 1604 4047 ipsum
1626 3968 1752 4029 chorni-

486 4049 537 4127 (ι)
559 4046 803 4132 Horoeaeuarrr.
828 4045 864 4110 Τ.
877 4043 925 4110 11.
934 4053 967 4127 ρ’.
978 4065 1046 4128 roo.
1119 4049 1170 4111 dis
1184 4048 1268 4111 varie
1282 4049 1456 4114 coloretum
1470 4045 1532 4111 effe·
1546 4047 1701 4120 viderunt.
1714 4045 1752 4110 ii·

484 4129 535 4208 (ὁ)
559 4127 767 4210 Drscmrsrr.
781 4127 870 4192 ecurt.
893 4131 982 4209 74⁶·
1120 4129 1188 4194 ruisi
1211 4137 1318 4209 repeto
1334 4126 1373 4192 in
1394 4129 1474 4193 socie
1494 4127 1641 4192 anteriori
1662 4127 1751 4194 iridis

487 4213 518 4284 (ι
559 4207 723 4277 Communi.
753 4207 866 4274 nont.
895 4205 932 4274 Τ.
952 4207 1016 4274 IV.
1046 4207 1076 4290 §.
1120 4211 1222 4276 verior
1237 4211 1323 4278 iliius
1336 4206 1460 4277 colo'rer
1476 4211 1614 4276 tribuere
1631 4210 1750 4286 meino

443 4286 886 4438 Βχῖνῖὶῆήαοίίὼῃψβ
915 4287 1081 4370 §.m
1120 4291 1195 4360 rint.
1513 4281 1518 4301 '
1596 4314 1599 4340 ³
