4094 5262
505 505 668 576 'samm
710 497 1306 580 nnanurncnusnnmrum
1416 569 1419 580 ,
1495 497 1569 588 '115

255 709 412 790 similem
430 707 498 802 (c),
526 704 565 782 dr
582 705 734 780 Rv'svs
758 699 993 773 Eeunsrvs
1017 690 1093 794 (d),
1128 692 1175 768 ob
1196 693 1352 790 figuram
1377 717 1397 770 a
1418 694 1569 794 posteris

254 815 514 903 lenticularem
530 805 632 882 fuisse
647 802 779 878 distem
794 808 1031 876 monuerunt.
1086 796 1232 872 Primus
1246 796 1316 872 fuit
1330 798 1568 876 Turenum-

259 941 342 996 avs
361 917 436 1007 (e),
462 910 526 1011 qui
543 909 680 984 taciem
694 904 916 981 anteriorem
938 899 1062 974 minus
1077 896 1156 989 ,else
1179 918 1404 988 connexam,
1432 901 1489 990 dt,
1508 903 1570 987 ¹vti

239 1015 478 1105 ,verbosius
504 1011 651 1094 sonant,
678 1007 787 1084 instar
817 1003 927 1082 lentis
954 1000 1212 1098 compressam,
1235 1000 1366 1077 diserte
1392 1001 1568 1094 affirmat,

256 1145 353 1220 quae
369 1116 492 1214 opinio
507 1115 545 1188 in
562 1113 679 1210 spurio
695 1107 856 1207 quodam
873 1108 1055 1181 Gncnur
1074 1103 1166 1179 libro
1188 1103 1262 1180 iam
1277 1107 1457 1200 reperitur
1484 1104 1568 1204 (s).

257 1227 363 1316 Quae
376 1219 526 1316 quidem
540 1213 730 1310 descriptio
747 1209 913 1306 inprimis
927 1207 1004 1306 post
1017 1207 1292 1282 ancoervu
1312 1207 1379 1304 (g)
1406 1209 1571 1284 unanimi

256 1321 432 1402 consensu
447 1320 615 1398 omnium
629 1315 707 1392 sere
723 1312 1030 1389 Anatomicnrum
1052 1307 1122 1383 suit
1140 1308 1376 1398 confirmata,
1403 1307 1429 1384 st
1451 1334 1474 1385 a
1493 1310 1568 1386 solo

122 1489 127 1498 .
222 1435 227 1456 ¹
255 1427 352 1504 forte
367 1424 571 1506 Vns'an'ro
594 1416 842 1497 discedamus,
869 1413 933 1509 qui
948 1409 1141 1506 aequalem
1162 1409 1332 1506 utrinque
1356 1412 1570 1489 connexita-
1690 1399 1696 1407 ’

257 1541 336 1606 tem
353 1527 516 1603 delineat
532 1523 604 1616 (l);
631 1521 684 1594 vti
699 1519 737 1592 in
752 1511 961 1590 uniuersum
980 1515 1016 1588 in
1032 1512 1135 1586 nulla
1150 1511 1222 1586 alia
1240 1509 1463 1588 Anatomiae
1489 1537 1570 1610 pat-

257 1642 314 1717 te,
343 1653 455 1728 quam
471 1629 509 1702 in
523 1621 766 1718 descriptione
785 1615 898 1702 oculi,
926 1614 1110 1690 minorem
1132 1609 1195 1698 libi
1221 1611 1373 1688 laudem
1400 1616 1570 1691 concilia·

255 1734 321 1812 vit.
380 1731 476 1816 Quin
490 1730 588 1804 inter
600 1721 826 1801 recentiores
840 1721 1078 1796 Brussaav
1093 1714 1151 1812 (i)
1158 1764 1170 1802 ,
1197 1714 1297 1812 quod
1314 1711 1391 1788 sere
1414 1715 1567 1804 mireris,

256 1834 494 1936 posteriorem
509 1828 620 1904 lentis
635 1825 768 1902 saciem
785 1821 989 1919 planiorem
1005 1817 1075 1894 else
1090 1817 1249 1892 tradidit.
1312 1817 1453 1894 Omnes
1468 1831 1568 1894 certe

257 1963 366 2016 meae
382 1930 654 2012 obseruationes
677 1925 714 2000 in
731 1948 776 1999 eo
792 1921 1041 2005 consentiunt,
1068 1919 1179 2008 lentis
1201 1918 1445 1994 connexitatis
1465 1933 1588 2016 ante,

258 2041 362 2116 rioris
379 2038 572 2114 fertionem
589 2033 635 2108 ad
651 2026 799 2104 maioris
826 2025 951 2100 circuli
980 2021 1178 2124 ambitum,
1205 2043 1318 2118 quam
1345 2022 1570 2118 posterioris,

259 2145 436 2222 attinerer
465 2136 528 2212 etsi
550 2134 658 2208 facile
676 2133 848 2208 Pas-rso
874 2124 926 2218 (k)
965 2125 1080 2199 sidem
1110 2121 1324 2208 adhibeam,
1352 2122 1570 2213 affirmanti,
1598 2185 1602 2192 .

258 2268 336 2320 non
362 2242 478 2317 solum
506 2233 703 2332 aliquando
730 2227 925 2326 aequalem
951 2227 1119 2321 utrinque
1148 2226 1441 2310 connexitatem,
1470 2227 1570 2322 quod

256 2345 331 2446 ipse
348 2363 494 2443 quoque
508 2337 797 2420 Winsnowvs
816 2325 875 2423 (l)
897 2326 1066 2410 testatur,
1094 2323 1304 2428 sedetiam,
1331 2326 1457 2401 rariori
1482 2327 1572 2402 licet

259 2449 363 2535 nasu,
391 2441 613 2520 anteriorem
632 2432 908 2510 connexitatem
935 2427 1114 2504 maiorem
1145 2427 1322 2502 inueniri.¹
1389 2428 1506 2506 Vnice
1531 2429 1570 2506 id

256 2553 362 2636 uolo,
383 2545 480 2636 milri
493 2559 684 2638 nunquam
700 2537 737 2610 in
755 2533 863 2608 oculo
884 2531 1050 2607 humano
1065 2527 1180 2618 simile
1204 2529 1292 2628 quid
1318 2527 1432 2604 visum
1454 2529 1569 2608 foisse.

258 2649 489 2732 Econtrario
505 2644 646 2738 semper
660 2637 751 2714 mihi
763 2633 923 2728 contigit
942 2633 1083 2717 videre,
1112 2643 1308 2728 Vtramque
1331 2631 1479 2720 faciem,
1506 2633 1572 2712 ha.

256 2757 335 2835 bita
349 2752 490 2832 tatione
507 2747 555 2821 ad
570 2746 792 2820 diametrum
814 2733 1108 2817 transuersalem,
1131 2758 1178 2809 eo
1199 2733 1269 2808 effe
1288 2737 1568 2824 conuexiorem,

258 2883 333 2958 quo
353 2854 498 2954 propior
516 2849 630 2924 homo
649 2844 699 2926 est
715 2837 865 2937 origini,
892 2853 932 2914 vt
947 2841 984 2912 in
1001 2837 1076 2912 fetu
1093 2849 1159 2911 aut
1175 2835 1315 2911 infante
1331 2853 1460 2911 recens
1481 2853 1571 2913 nato

210 2963 309 3040 ‚ad
324 2961 479 3053 figuram
494 2951 572 3028 sere
589 2943 810 3044 sphaericam
830 2941 1028 3028 accedere,
1055 2937 1092 3014 δι
1110 2938 1291 3012 diameter
1314 2937 1359 3012 ab
1381 2939 1571 3014 anteriori·
1693 3027 1698 3032 ·
1788 2941 1818 3008 .’

256 3063 330 3140 bus
346 3060 393 3136 ad
409 3051 602 3154 posteriora
618 3067 748 3144 parum
763 3065 785 3118 a
801 3043 981 3118 diametro
1002 3037 1236 3115 transuerseis
1256 3038 1432 3114 abludere
1446 3040 1571 3116 videa·

257 3177 342 3245 tun
370 3181 464 3255 qnae
483 3157 564 3228 lens
579 3151 617 3225 in
632 3161 785 3241 utraque
806 3142 900 3220 facie
913 3166 968 3224 eo
986 3139 1129 3237 planior
1165 3139 1212 3212 de
1239 3139 1469 3225 rehenditur,
1495 3165 1570 3240 quo

257 3267 375 3346 homo
389 3255 548 3335 adultior
563 3250 691 3336 fuerit,
719 3245 795 3342 post
810 3265 949 3322 annum
965 3256 1090 3319 tamen
1106 3164 1331 3316 aicetlmum
1353 3242 1470 3337 figura
1491 3245 1572 3319 len-

259 3369 310 3446 tis
328 3385 456 3461 parum
474 3355 631 3452 amplius
654 3347 808 3434 mutari,
834 3358 899 3419 aut
920 3343 1131 3420 alterutrius
1154 3340 1259 3418 faciei
1282 3346 1496 3432 conuexitas
1524 3345 1572 3421 ad

260 3469 442 3548 maiorem
460 3456 669 3560 planitiem,
697 3472 807 3556 quam
831 3469 900 3546 qua
925 3445 986 3522 illa
1015 3455 1137 3521 aetate
1165 3445 1239 3520 iam
1272 3447 1426 3540 gaudet,
1455 3447 1573 3544 redigi

259 3571 420 3654 videtur.
470 3557 688 3647 Secundum
704 3547 965 3652 elegantissima
978 3547 1132 3630 demum
1147 3549 1310 3631 Parim
1335 3550 1402 3645 (m)
1429 3553 1572 3648 experi-

1443 3667 1574 3735 menta

1017 3841 1021 3848 «

305 3879 354 3962 (c)
378 3875 427 3945 De
442 3874 624 3960 supponat.
641 3867 679 3937 e·
694 3867 897 3934 Platdacret,
923 3883 926 3891 ’
980 3864 1044 4010 (Ε)
1075 3861 1299 3940 Obsermaol.
1312 3813 1427 3942 perp,

264 3961 305 4030 L.
318 3981 349 4042 7.
368 3969 432 4032 as,
981 3952 996 4028 (
1020 3951 1036 4028 )
1061 3945 1109 4010 De
1123 3964 1204 4026 corp.
1224 3941 1410 4022 laam.fabr,
1430 3939 1465 4006 L.
1488 3937 1570 4006 VII.

305 4043 367 4122 (d)
386 4039 435 4106 De
448 4037 690 4120 appellat‘parl,
711 4051 797 4115 corp,
815 4029 899 4099 lum,
940 4049 965 4098 c.
978 4049 1024 4110 ¹3·
1038 4029 1097 4111 fig.

263 4127 287 4192 l.
299 4147 327 4190 1.
344 4143 368 4188 c.
378 4139 429 4200 23.
444 4122 463 4182 l.
479 4141 503 4181 a,
522 4139 547 4182 c.
557 4140 589 4199 3.
932 4149 940 4162 ·
981 4115 1024 4188 (s)
1053 4105 1157 4174 Tratrt
1167 4103 1205 4168 de
1220 4103 1251 4166 so
1265 4101 1426 4168 colorasse.
1448 4121 1478 4182 p.
1492 4119 1541 4180 ¹4·

211 4199 219 4214 '
305 4207 351 4288 (ι)
374 4201 424 4268 De
437 4219 518 4281 corp.
535 4199 618 4266 hum,
632 4195 722 4279 fabr,
741 4189 856 4263 LIV,
873 4210 898 4258 c,
982 4193 1031 4272 (su
1061 4190 1155 4254 Mem.
1179 4185 1281 4250 Acad.
1303 4185 1407 4248 Parsa.
1433 4189 1518 4264 1726.
1539 4201 1571 4265 p.

263 4307 323 4448 Ψ(
382 4315 559 4430 'Monente
580 4329 834 4452 Meuanaur'o
853 4373 898 4436 ep.
940 4271 1046 4430 pig}
1060 4285 1298 4421 illila’lai'ieo.
1321 4345 1351 4424 §.
1371 4364 1439 4430 ¹33·

263 4370 388 4518 Xsss.
408 4447 438 4528 s,
450 4467 503 4514 eo.
810 4468 815 4483 ·
982 4437 1044 4516 (m)
1070 4429 1165 4496 Mem.
1184 4416 1286 4496 Arari.
1305 4448 1397 4512 ¹73⁰·

895 4543 989 4624 Ῥη
