4064 5260
446 407 529 496 apa
658 407 1553 474 nrscnrnrtoraaaron.·oevtrnunant
1666 389 1671 396 ’

447 598 498 780 tald
514 595 768 719 oonfirmanda
781 605 850 684 aut
859 593 1070 676 illustranda
1087 594 1252 701 superius
1273 597 1370 718 dista
1386 599 1513 680 facere
1531 597 1631 702 posse
1651 598 1770 688 credis

476 723 580 781 erum.
800 709 825 744 *⁴

586 908 734 989 Arteria
750 907 1005 1009 ophthalmia
1021 907 1200 988 artarer
1215 889 1349 992 arteria
1369 909 1552 998 carotide,
1582 932 1655 1008 qua
1678 907 1766 989 sede

444 1039 494 1092 ex
507 1037 592 1092 rece
619 1015 741 1090 taculo
757 1012 882 1089 versus
901 1014 1097 1112 posteriora
1118 1015 1157 1093 δι
1177 1014 1352 1090 interiora
1374 1011 1410 1089 se
1431 1011 1633 1104 conflestit,
1665 1013 1766 1088 vnde

442 1117 567 1196 statim
585 1039 648 1192 sib
664 1139 781 1192 neruo
799 1113 921 1212 optico
942 1115 1049 1192 lateri
1062 1117 1237 1200 mtteriori
1254 1115 1400 1216 propior
1413 1138 1479 1213 per
1497 1113 1689 1192 crassitiem
1710 1113 1765 1190 os'·

444 1217 493 1296 fis
509 1219 666 1301 incedit,
690 1217 788 1296 intra
801 1218 973 1318 vaginam
988 1241 1106 1294 neruo
1125 1244 1151 1294 a
1172 1219 1265 1298 dura
1287 1231 1407 1312 matre
1428 1217 1575 1324 datapa,
1601 1217 1640 1292 in
1661 1217 1765 1296 omni

444 1319 519 1400 hoc
534 1320 668 1403 itinere
681 1317 799 1398 musta
815 1314 990 1396 ceslulosa
1004 1321 1144 1397 irretita
1164 1318 1235 1416 (c).
1302 1319 1504 1418 Nunquam
1532 1329 1659 1396 autem
1691 1343 1764 1417 ego

445 1423 599 1524 quidem
614 1423 711 1514 vidi,
737 1423 910 1501 arteriam
927 1419 1024 1499 hanc
1039 1446 1104 1522 per
1126 1422 1266 1498 sulcum
1287 1424 1325 1498 in
1348 1435 1453 1518 parte
1472 1417 1646 1520 superiori
1666 1421 1763 1498 sora-

442 1525 557 1606 minis
571 1526 683 1626 optici
697 1525 924 1624 exsculptum
940 1526 988 1602 ad
1002 1524 1159 1626 orbitam
1173 1523 1384 1624 penetrasse.
1445 1525 1529 1601 Hoc
1549 1523 1588 1599 in
1610 1522 1762 1601 transitu

442 1629 645 1706 nonnullos
661 1629 812 1729 praebet
830 1625 991 1718 surculos
1005 1627 1119 1720 durae
1142 1627 1251 1703 matri
1276 1627 1314 1706 δι
1334 1625 1397 1725 ipsr
1418 1623 1634 1726 substantiae
1653 1625 1762 1702 nenti

443 1731 575 1830 optici,
601 1747 688 1807 cum
703 1729 858 1806 vasculis
871 1753 893 1803 a
907 1729 1071 1806 carotide
1083 1729 1198 1818 datis,
1231 1729 1269 1804 in
1286 1728 1476 1827 superficie
1491 1724 1597 1804 n'erui
1620 1725 1763 1824 anasto-

441 1830 534 1910 mosr
550 1831 702 1908 iunstos.
756 1831 920 1907 Orbitam
941 1829 1094 1926 ingressa
1107 1831 1146 1906 in
1161 1830 1305 1906 dnobus
1328 1830 1492 1906 subsellis
1511 1829 1672 1927 primum
1694 1821 1764 1906 sta?

441 1933 513 2010 tim
532 1930 649 2007 emifit
662 1933 834 2006 arteriam
850 1932 1071 2018 neutralem,
1095 1931 1138 2023 a,
1151 1933 1292 2029 reliqua
1304 1931 1457 2006 demum
1475 1929 1572 2020 vasa,
1596 1955 1641 2008 ea
1658 1929 1759 2023 serie,
1821 1920 1832 1936 “

442 2033 557 2135 quam
575 2033 615 2110 in
630 2031 774 2110 duobus
791 2031 907 2110 oculis
925 2033 1130 2112 accuratius
1143 2033 1358 2123 adnotatam
1373 2031 1433 2108 hic
1447 2031 1642 2131 exhibebo.
1753 2123 1757 2132 ⁸

595 2338 638 2420 sn
656 2343 773 2443 primo
795 2369 883 2446 ergo
899 2347 1071 2450 exemplo
1097 2345 1171 2453 ipsa
1196 2345 1369 2428 centralis
1396 2345 1565 2426 omnium
1594 2345 1756 2448 primum

439 2449 532 2520 nata
559 2445 728 2542 praebuit
751 2452 923 2530 arteriam
950 2453 1114 2532 cisiarem
1138 2453 1370 2544 inferiorem,
1396 2475 1507 2551 porro
1532 2449 1757 2540 neutralem,

439 2557 533 2621 tunc
547 2569 592 2619 ex
607 2560 738 2624 trunco
754 2565 842 2630 nata
858 2555 928 2631 suit
942 2556 1075 2632 arteria
1098 2557 1145 2634 ad
1171 2557 1269 2634 latus
1302 2555 1464 2634 exterius
1494 2553 1599 2635 nerui
1624 2552 1756 2658 opticss
1779 2586 1784 2595 ’

436 2667 540 2762 guae
556 2643 662 2744 super
675 2655 848 2730 arteriam
863 2657 1066 2732 centralem
1083 2655 1318 2737 transuersos
1333 2658 1531 2748 incedens,
1554 2653 1757 2762 descendit,

437 2767 481 2852 rn
495 2745 589 2866 duos
605 2747 723 2828 statim
739 2775 862 2835 ramos
877 2753 1008 2843 diuisa,
1036 2779 1195 2856 quorum
1218 2757 1311 2856 aster
1332 2757 1421 2834 abiit
1439 2758 1479 2832 in
1508 2756 1669 2833 cisiarem
1692 2776 1758 2830 ex·

437 2857 616 2926 tenorem
630 2851 885 2948 maiusculam,
913 2857 994 2936 otto
1019 2857 1097 2935 sere
1124 2859 1278 2938 ramulis
1303 2857 1416 2936 bulbo
1443 2855 1634 2948 insertam,
1661 2855 1757 2936 alter

438 2971 567 3030 ramos
591 2953 752 3035 musculo
781 2957 976 3060 depressori
1003 2961 1041 3042 dt
1067 2961 1267 3040 abducenti
1290 2960 1406 3050 mifit,
1432 2961 1530 3040 inter
1554 2963 1755 3060 verumque·

436 3053 647 3133 musculum
668 3060 851 3139 anteriora
883 3061 1007 3145 versos
1032 3063 1247 3164 progressus.
1330 3064 1477 3144 Deinde
1503 3063 1755 3164 ophthalmsca

435 3155 543 3233 dedit
555 3157 815 3258 lacrymasem,
842 3166 938 3266 quae
953 3165 1055 3244 edito
1070 3170 1213 3250 ramulo
1228 3193 1345 3246 neruo
1363 3160 1511 3246 frontasi
1530 3169 1577 3246 ad
1597 3165 1754 3266 glandu-

433 3255 514 3336 sam
531 3258 631 3336 suam
646 3262 768 3340 delata
793 3265 830 3342 in
848 3269 929 3346 eius
952 3270 1085 3346 vicinia
1110 3296 1196 3350 cum
1229 3295 1334 3348 ramo
1358 3271 1568 3370 perforante
1595 3269 1751 3348 arteriae

434 3364 652 3458 temporalis
680 3365 883 3464 profundae
911 3369 1031 3459 sunda
1056 3373 1138 3452 fuit.
1191 3375 1284 3452 Inde
1312 3373 1562 3474 ophthalmica
1588 3373 1629 3449 in
1650 3386 1750 3449 'cauo

435 3463 642 3582 musculoso
659 3464 765 3567 super
786 3496 946 3550 neruum
973 3473 1136 3572 opticum
1160 3476 1356 3555 introrsum
1383 3477 1607 3576 procedens,
1634 3475 1750 3552 edidit

436 3577 610 3642 artemam
630 3569 792 3648 ciliarem
807 3573 1277 3676 interiorem'superiorem‚
1306 3579 1441 3656 deinde
1457 3607 1502 3660 ex
1516 3579 1645 3657 ordine
1666 3599 1749 3654 mu-

434 3663 615 3742 scularem
626 3669 857 3768 inferiorem,
884 3677 1051 3778 inprimis
1067 3681 1114 3758 ad
1131 3681 1338 3758 musculum
1357 3682 1602 3782 depressorem
1623 3681 1661 3759 dt
1684 3679 1748 3757 ad·

333 3833 340 3846 .
431 3765 637 3886 ducentem
653 3771 833 3866 delatam,
860 3777 1176 3878 supraorbitasem,
1202 3785 1365 3862 ramulos
1380 3787 1425 3862 ad
1441 3780 1630 3891 obliquum
1643 3781 1749 3883 sopef

432 3892 570 3952 norem
595 3873 778 3954 &duram
799 3889 977 3969 matrem,
1018 3885 1268 3962 ethmoideam
1292 3887 1528 3986 posteriorem
1548 3885 1748 3967 retrorsum

432 3972 590 4069 flexam,
615 3978 866 4060 ethmoideam
883 3985 1124 4075 anteriorem,
1151 3989 1372 4072 &tarseam
1457 3981 1461 3988 ’

1701 4095 1747 4174 lo

425 4223 1061 4419 ‚s‘satsttrazrran
1110 4245 1648 4416 ttt‘tstst'ttsf·‘⁰²⁶⁰¹⁰
1666 4249 1744 4326 ’Μ’
