4098 5260
681 395 1189 544 anennoeto

269 683 371 794 q'aas
386 665 679 766 aiaiicninns
695 659 1204 773 ocmrateexaninatos'fni
1233 655 1442 750 reddebam
1449 687 1470 768 ;
1495 655 1598 750 eoin»
1660 737 1663 748 .

270 786 404 910 qaeob
419 785 583 902 confflem
601 778 856 892 cuilibetfi’re
864 773 988 890 parti
1007 767 1160 862 irenem
1212 775 1384 885 istoriam
1399 776 1593 888 praemio

271 922 371 1008 tere,
401 901 644 1017 aliorumque
660 894 837 982 oirornm
844 889 927 1002 fido
944 887 1155 1008 dignorum
1174 888 1375 1004 opiniones
1399 890 1593 979 interdum
1637 992 1647 1001 ,

267 1017 413 1109 addere
432 1007 553 1128 nisani
566 1011 628 1121 esi,
643 1023 688 1095 ot
699 1035 782 1093 cnm
795 1007 929 1115 nostra
942 999 1199 1116 descriptione
1216 1001 1431 1102 conciliari,
1447 1019 1484 1089 et
1497 1005 1599 1118 qnid

262 1129 478 1250 prioribus
489 1122 657 1216 inuentis
682 1117 824 1223 addere
842 1115 956 1211 nobis
978 1115 1209 1227 contigerit,
1258 1116 1400 1204 ocittos
1414 1117 1594 1231 perspici

228 1323 231 1328 Α
262 1246 399 1364 posit.
464 1239 509 1328 F
506 1239 601 1328 idem
614 1232 925 1350 obsernotionnm
951 1227 1094 1346 eoique
1117 1256 1203 1344 pon
1231 1257 1286 1318 eo.
1343 1227 1471 1321 mitit
1486 1245 1593 1320 ottn-

260 1361 310 1468 ἦ,
324 1359 396 1470 nist
405 1349 612 1471 qnae'ipse,
633 1361 671 1435 et
684 1339 1017 1447 iteratisoicibns,
1031 1343 1073 1432 oi
1099 1344 1126 1450 i,
1139 1341 1193 1440 fii
1207 1342 1412 1446 interdum,
1428 1373 1508 1474 qno
1522 1345 1593 1433 ad

269 1469 551 1584 ministratione
565 1463 656 1580 osas
661 1455 826 1575 sicorim,
847 1457 988 1562 nonni,
1007 1472 1052 1545 ot
1068 1459 1223 1569 nostroe
1244 1453 1292 1545 ob
1311 1475 1530 1546 ornatiores
1550 1489 1594 1546 eo

270 1584 403 1674 melias
418 1579 543 1693 repeti
559 1592 595 1662 et
609 1571 832 1662 examinari
838 1569 1001 1686 posent.
1067 1567 1254 1656 Iconeso
1282 1570 1375 1675 didi,
1404 1601 1506 1684 qnae
1526 1572 1605 1660 od.

260 1695 509 1815 sernationcs
522 1702 592 1777 ont
604 1681 839 1797 nonacmiiei
859 1681 981 1795 nisos,
1023 1695 1095 1768 ant
1114 1703 1215 1800 qnos
1226 1705 1334 1796 prae
1353 1682 1444 1771 eliis
1460 1705 1594 1771 memo-

272 1808 523 1917 rotndignas
536 1799 605 1916 offe
620 1795 787 1903 credidi,
814 1794 1016 1898 exhibere,
1045 1809 1083 1880 et
1109 1791 1404 1910 descriptionem
1424 1801 1594 1908 nostram

273 1925 470 2038 iilustrare
477 1917 647 2036 possent,
670 1937 820 2000 omnem
833 1937 934 2024 rego
948 1906 1194 2019 diligentiam
1213 1905 1387 2010 adhiberi,
1417 1925 1463 1998 ot
1480 1923 1595 1998 oeen-

273 2052 361 2130 cotc
374 2047 557 2124 naturam
571 2026 855 2146 exprimerent,
889 2021 1107 2111 iiiis'taman
1122 2022 1162 2109 in
1195 2020 1307 2109 rimie
1319 2022 1514 2138 partibas
1535 2026 1595 2112 in⁸

274 2165 421 2252 tentas,
450 2139 552 2264 qnos
576 2143 623 2234 in
638 2171 683 2231 ea
694 2141 839 2257 figora
853 2162 1083 2256 proponere
1101 2048 1223 2250 visin
1234 2133 1333 2250 fnit.
1389 2135 1596 2237 Plurimae

275 2260 608 2379 tamensobricanc
619 2251 802 2356 exhibent
814 2248 1083 2369 magnitudine
1100 2251 1209 2336 oltra
1229 2247 1446 2352 naturalem
1461 2251 1591 2357 nodia}

275 2396 320 2470 ot
328 2373 473 2492 porte's
481 2371 712 2487 subtiliores
731 2381 768 2453 et
775 2367 896 2480 serape
913 2362 957 2451 in
975 2360 1084 2451 oculo
1100 2358 1271 2450 innmno
1284 2363 1398 2451 nimis
1421 2365 1596 2479 onigona

276 2487 497 2604 eosocilins
511 2501 548 2574 et
566 2478 784 2595 disiintiins
803 2475 983 2591 exhiberi
993 2477 1158 2590 posent.
1223 2471 1362 2562 Ieonas
1381 2476 1593 2566 delineo'tos

264 2605 388 2721 seruo
390 2599 542 2710 sumna
554 2611 643 2685 arte
647 2591 797 2704 sotios,
810 2617 910 2702 quoe
917 2590 1036 2696 fidem
1049 2611 1166 2698 meam
1181 2586 1413 2697 confirmare
1418 2589 1590 2707 pefflrnt.

164 2793 168 2798 .
194 2711 207 2722 “
274 2714 420 2803 Plures
433 2705 668 2822 odddffm,
689 2703 807 2814 stres
820 2702 959 2816 etsata
977 2695 1156 2815 eutmsent.

408 2925 536 3016 Vnica
547 2939 672 3009 antem
689 2913 760 3006 icoc
781 2917 821 3006 in
843 2911 946 3006 libro
963 2911 1055 3026 ststO
1075 2911 1368 3120 depcriptionem
1384 2913 1591 3010 Anotomi-

277 3065 380 3146 eam,
402 3041 484 3150 fine
499 3035 600 3124 omni
613 3027 885 3146 Pityſsologica
899 3023 1061 3125 theoria.
1139 3027 1249 3118 ordio
1267 3025 1362 3116 miii
1373 3030 1473 3142 suit,
1492 3031 1591 3119 olio-

277 3187 365 3244 rom
386 3151 586 3264 opiniones
614 3175 665 3228 en
685 3140 788 3228 libro
813 3144 853 3225 in
878 3135 1020 3225 librum
1040 3135 1339 3247 transscribere,
1368 3157 1438 3226 ant
1467 3141 1519 3256 lep
1548 3175 1591 3231 o·
1756 3233 1761 3238 ,

277 3265 399 3376 theses
415 3254 689 3374 experimentis
701 3282 778 3340 non
784 3247 1083 3449 satipsnffaltos
1096 3248 1234 3340 leiiori
1247 3249 1464 3366 obtrudere.
1557 3258 1589 3356 i·
1643 3304 1647 3308 -

121 3389 127 3396 ’
276 3383 348 3474 mis
362 3367 681 3486 maltasopereffe
702 3365 785 3454 nidi
806 3363 846 3452 in
908 3359 1122 3475 leysologio
1137 3362 1321 3477 portiom
1342 3365 1460 3473 oculi,
1490 3397 1590 3484 qnae

277 3490 461 3586 alteriori
485 3483 659 3574 examine
681 3479 805 3590 digna
825 3476 1017 3580 videntur.
1082 3472 1219 3562 Facile
1234 3476 1438 3592 perspexi,
1463 3481 1591 3594 plura

277 3604 403 3698 odienc
416 3597 681 3714 experimento
694 3591 845 3705 institui
868 3584 1020 3693 debere,
1044 3587 1186 3702 plnres
1206 3587 1500 3702 obseruationes,
1530 3597 1606 3683 in·-

135 3747 150 3754 ·
268 3717 418 3838 primis
434 3743 485 3800 ex
505 3701 1223 3818 Anotomecomparatorepetendos‚
1253 3701 1425 3805 coniri,
1485 3705 1589 3792 rins·
1664 3797 1667 3802 ,

276 3863 392 3953 qnam
410 3827 455 3934 de
470 3823 621 3915 aiiione
635 3819 752 3910 iridis
765 3813 1050 4013 etprocesnnm
1065 3812 1269 3917 odierium,
1283 3727 1409 3928 oqeosn
1420 3731 1589 3904 ciirioi-

275 3947 353 4052 dis,
385 3944 431 4033 de
456 3952 559 4028 mota
580 3931 834 4050 musculorum
855 3955 925 4014 oen
940 3955 988 4029 r,-
1007 3939 1045 4012 et
1078 3924 1334 4036 dedinistonc
1364 3956 1589 4034 neruorum,
1678 3959 1680 3962 ·

276 4059 420 4149 certios
434 4051 644 4168 quidquam
660 4039 914 4134 determinari
920 4039 1045 4154 poffit.
1088 4035 1153 4125 Eo
1164 4039 1306 4126 maiori
1319 4054 1444 4128 antem
1455 4042 1588 4154 studio

238 4164 245 4175 ¹
277 4165 477 4265 laboribus
492 4163 593 4251 hisce
609 4159 787 4272 infidam,
820 4151 951 4242 ocnios
962 4151 1166 4238 noriorurn
1177 4150 1399 4239 animalium
1421 4154 1588 4266 diligen.

176 4337 184 4353 ι
277 4287 404 4404 tiffime
418 4273 664 4380 examinabo,
695 4269 872 4382 omnique
889 4263 1034 4350 ardore
1055 4262 1096 4350 in
1116 4261 1162 4350 id
1177 4259 1408 4368 incumbam,
1437 4283 1482 4354 ot
1509 4269 1589 4356 aiio
1714 4323 1725 4348 c

277 4420 447 4530 tempope
466 4384 775 4505 Piyſsoiogicam
790 4375 1126 4580 ticpriomnostra
1145 4373 1401 4490 descriptione
1425 4379 1591 4583 aliisqpe

852 4543 853 4546 a
1030 4546 1043 4566 ,
1377 4557 1380 4566 1
1523 4523 1590 4579 0·
