4094 5262
462 413 523 520 ps
670 374 1565 497 nermrrrronnarorr.cerrima-rar

465 621 676 726 interponit
690 645 713 702 a
725 605 762 699 se
774 613 938 702 inuicem
961 622 1163 702 disiunttae
1184 619 1273 711 srnt,
1300 621 1373 701 dici
1392 621 1472 700 sere
1492 601 1589 724 posse
1609 607 1780 728 ridetur,¹

349 811 355 831 ,
465 730 592 808 itidem
611 725 681 805 esse
697 727 953 805 membranam
968 727 1121 828 quidem
1135 721 1357 824 simplicem,
1376 747 1472 826 quae
1488 739 1613 805 autem
1627 729 1673 806 ab
1680 735 1781 807 erras

468 829 668 933 que-facie,
695 829 749 907 vti
763 831 1116 908 chbroidestantum
1132 827 1177 904 ab
1199 829 1366 914 interna,
1403 828 1595 906 visiositate
1617 832 1782 931 quadam

468 935 680 1022 obducitur,
708 935 760 1009 ita
773 944 921 1016 tamen,
945 943 986 1008 vt
1000 931 1105 1008 faciei
1120 930 1326 1029 posterioris
1343 929 1519 1008 flocculos
1542 932 1678 1010 humor
1699 943 1781 1035 ater

385 1057 393 1062 ·
468 1035 650 1123 obfuscet,
677 1036 871 1112 anterioris
887 1049 1016 1112 autem
1036 1033 1183 1110 iiocouii
1206 1055 1272 1132 pro
1295 1035 1475 1111 varietate
1497 1035 1693 1112 hominurn
1717 1054 1782 1113 aa·

468 1140 543 1218 rios
556 1139 701 1216 colores
719 1137 919 1215 reflectant.
973 1135 1049 1216 Sed
1071 1136 1184 1226 etiam
1209 1135 1381 1212 decursus
1408 1136 1638 1214 vasculorum
1660 1137 1783 1215 diuer-

468 1239 638 1332 sissimus,
680 1240 800 1316 moles
828 1259 1030 1316 neruorum
1055 1237 1139 1334 iridi
1163 1237 1271 1314 vnice
1298 1237 1596 1330 inseruientium,
1622 1247 1783 1340 quorum
1879 1311 1886 1324 ,

469 1340 597 1424 nullus
612 1367 736 1444 neque
750 1341 933 1442 processus
947 1342 1091 1442 ciliares
1104 1361 1228 1440 neque
1242 1338 1456 1417 choroidem
1473 1343 1574 1418 adire
1590 1357 1690 1422 certa
1707 1342 1782 1418 fide

470 1446 567 1524 risus
597 1446 683 1536 suit,
725 1457 851 1521 motus
879 1445 1094 1536 facillimus,
1136 1443 1175 1523 dc
1204 1455 1443 1540 argumenta,
1482 1469 1578 1543 quae
1605 1444 1782 1549 fabricans

470 1547 711 1626 musculosam
726 1545 849 1624 adesse
870 1547 948 1624 fere
962 1548 1123 1637 docent,
1148 1546 1187 1622 in
1210 1557 1255 1623 eo'
1278 1545 1483 1622 consentire
1505 1547 1701 1633 videntum·
1722 1545 1783 1622 iri²

470 1651 557 1729 dem
575 1649 645 1727 esse
667 1662 811 1747 partem
826 1649 1029 1749 propriam,
1051 1649 1307 1748 peculiarem,
1335 1669 1431 1750 quae
1454 1663 1532 1727 non
1557 1646 1645 1727 satis
1673 1653 1783 1728 actu-¹

469 1761 551 1832 iate
565 1752 749 1832 chornidis
767 1753 997 1832 continuatio
1012 1751 1085 1830 dici
1098 1748 1202 1853 possit
1221 1748 1302 1851 (r).
1461 1785 1464 1792 ·
1579 1775 1585 1782 ’

477 1994 482 2012 ·
600 1954 772 2054 inprimis
786 1967 914 2032 autem
934 1954 1077 2033 summa
1092 1955 1194 2033 iridis
1216 1954 1422 2046 mobilitas,
1449 1976 1522 2057 qua
1552 1955 1601 2034 ad
1630 1963 1784 2036 omnem

470 2057 565 2136 sucis
581 2057 760 2134 maiorem
778 2059 933 2153 gradum
950 2057 1224 2156 constringitur,
1252 2057 1299 2136 ad
1315 2073 1468 2136 omnem
1489 2061 1678 2137 minorem
1693 2061 1784 2138 dila·

472 2169 589 2249 tatur,
618 2159 709 2234 mihi
723 2159 934 2254 persuadet,
957 2159 1040 2237 iridi
1059 2162 1185 2238 datam
1207 2157 1277 2238 esse
1294 2159 1471 2240 'fabricam
1498 2188 1519 2238 a
1538 2163 1674 2242 fabrica
1695 2152 1784 2238 choi

471 2261 585 2340 toidis
602 2257 892 2348 diuersissimam,
926 2262 964 2338 in
981 2285 1054 2361 qua
1068 2261 1171 2339 nulla
1188 2261 1392 2342 irritatione
1417 2262 1534 2340 fimiie
1549 2266 1638 2366 quid
1654 2267 1784 2364 depre-

472 2361 665 2450 henditur,
694 2363 1044 2462 quocunqueetiam
1060 2366 1173 2441 modo
1192 2363 1332 2443 irritata
1346 2365 1469 2444 fuerit.
1521 2367 1784 2446 Automaticus

471 2465 676 2546 ssie'monrs
691 2463 760 2551 eii,
786 2488 858 2540 nec
871 2465 985 2542 animi
998 2466 1197 2566 imperium
1219 2467 1403 2568 expetnt,
1432 2467 1470 2548 bt
1492 2467 1555 2548 iris
1577 2469 1678 2549 illud.
1693 2475 1785 2651 guo}

474 2571 547 2668 'que
565 2587 651 2643 cum
667 2567 841 2643 omnibus
853 2567 1005 2667 reliquis
1027 2565 1201 2646 musculis
1223 2591 1424 2646 commune
1453 2567 1586 2662 habet,
1621 2595 1694 2674 quo
1744 2572 1783 2646 in

475 2667 1784 2872 sitistisssltslssissatissatis?diibsmisi

475 2873 573 2950 banc
587 2875 682 2950 circa
696 2873 939 2952 mobilitatem
956 2874 1124 2950 omniurn
1139 2873 1216 2950 fere
1237 2871 1288 2951 est
1302 2872 1501 2965 sententia,
1527 2873 1784 2953 dilatationem

477 2975 548 3053 esse
564 2975 695 3062 statum
710 2975 936 3061 naturalem,
962 2973 1100 3054 viribus
1115 2975 1407 3065 remittentibus,
1434 2996 1550 3079 quum
1564 2979 1627 3058 illa
1642 3003 1665 3056 a
1682 2975 1784 3056 debi-

478 3078 636 3158 litate&
653 3077 812 3178 syncope
826 3078 1015 3164 succedam
1042 3078 1089 3156 ad
1105 3079 1391 3158 contrastionem
1411 3096 1537 3159 autem
1551 3081 1784 3161 efficiendam

478 3198 615 3258 nouam
634 3205 655 3257 a
673 3181 804 3274 neruis
814 3178 958 3257 causam
975 3197 1101 3260 motos
1115 3181 1153 3259 in
1174 3181 1307 3261 iridem
1330 3181 1510 3263 aduenire
1529 3185 1682 3271 debere,
1709 3177 1784 3264 siue

480 3283 752 3360 contrasiioilla
767 3307 789 3359 a
805 3281 905 3359 fibris
920 3279 1150 3376 musculosrs,
1184 3285 1259 3363 fine
1280 3312 1301 3362 a
1320 3285 1462 3363 fortiori
1475 3287 1634 3366 adfluxu
1651 3285 1785 3362 humo·

478 3407 562 3464 rum
580 3387 618 3462 in
634 3383 716 3462 vasa
738 3385 840 3462 iridis
859 3386 1033 3487 pendeat.
1093 3385 1375 3468 obseruationes
1395 3401 1522 3466 autem
1545 3413 1654 3468 meae
1675 3387 1785 3486 paulo

480 3489 550 3566 alia
564 3510 627 3563 me
642 3487 861 3566 docuerunt.
920 3491 1075 3589 Optime
1097 3491 1249 3592 quidem
1274 3489 1520 3568 animaduerti
1542 3491 1721 3592 pupillam
1745 3492 1784 3568 in

479 3589 642 3690 syncope
656 3590 695 3668 δι
709 3615 829 3690 agone
842 3591 1060 3690 ampliorem
1075 3588 1217 3694 semper
1232 3590 1321 3680 eise,
1357 3591 1395 3670 cr
1417 3615 1462 3670 eo
1481 3593 1522 3670 io
1542 3595 1637 3672 stom
1657 3593 1786 3670 ditata·

478 3691 592 3771 tionis
607 3717 673 3792 per
686 3695 836 3794 aliquod
851 3706 1036 3808 tempusa
1052 3709 1173 3772 morte
1187 3691 1390 3794 persistere,
1417 3698 1594 3795 quamdiu
1609 3695 1734 3774 omnia
1746 3695 1786 3772 in

480 3794 550 3874 fitu
563 3796 721 3874 naturali
736 3796 800 3873 srbi
814 3795 1083 3894 relinquantum
1118 3800 1162 3875 in
1183 3796 1291 3872 oculo
1314 3809 1441 3880 autem
1459 3799 1596 3878 bubulo
1618 3802 1657 3880 dt
1675 3797 1788 3900 inpri-

479 3895 554 3982 mis
577 3896 746 4000 leporino
765 3895 931 3977 &selino
949 3897 1092 3976 iteratis
1115 3898 1551 4008 experimentisedodus
1569 3901 1641 3993 fui,
1666 3899 1787 4084 pul&

527 4199 576 4286 (r)
596 4198 825 4270 morumne
843 4202 897 4268 sor.
912 4199 962 4268 est.
988 4219 1117 4288 quoque
1156 4204 1319 4272 nonnuliis
1336 4203 1438 4273 soille.

484 4295 594 4383 monet
608 4285 718 4352 iridem
732 4307 791 4386 pro
809 4285 956 4386 peculiari
964 4283 1117 4352 membra·
1198 4287 1271 4437 (t)
1306 4287 1400 4362 Coos,
1412 4287 1506 4376 prb·
1532 4285 1585 4358 ἢ.
1603 4281 1785 4376 ΜΗ.

486 4382 527 4432 ιι
549 4375 635 4433 mter
662 4369 746 4436 oran
773 4377 897 4436 tenaces
919 4376 1115 4436 numeratam
1155 4365 1232 4438 DX
1263 4411 1276 4444 ,
