4098 5260
456 493 507 574 7²
671 485 956 560 urncnrrrro
975 489 1188 546 uranon.
1209 491 1346 550 never
1366 493 1560 554 rivum

457 677 494 756 in
513 672 638 752 merlin
653 669 876 772 perforatus.
904 670 1001 768 quod
1015 671 1182 748 foramen
1200 675 1334 775 pupilla
1349 673 1498 765 dicitur,
1525 674 1764 772 cuiusrupen

458 780 561 861 ficies
576 776 737 854 anterior
750 777 841 851 varii
854 774 986 849 coloris
999 775 1038 850 in
1051 775 1228 852 varietate
1245 778 1439 857 hominum
1454 803 1476 856 a
1491 783 1653 878 plurimis
1662 779 1766 858 Ana·

460 882 607 970 tomiois
622 879 766 976 proprio
783 878 934 952 nomine
948 877 1021 962 iris,
1040 877 1213 975 posterior
1227 893 1351 958 autem
1374 883 1676 981 pigmentonigro
1696 881 1764 959 ob·

458 983 584 1070 duria,
611 1004 705 1056 vuea
725 980 937 1054 nominatur
958 981 1022 1074 (c).
1086 979 1182 1056 Cum
1207 995 1332 1060 autem
1355 1005 1473 1060 vueae
1495 983 1714 1061 vocabulum
1740 1005 1764 1061 ι

456 1085 587 1163 multis
607 1083 715 1158 nostri
736 1083 819 1158 aeui
847 1079 1077 1178 scriptoribus
1107 1080 1273 1160 choroidi
1302 1081 1365 1184 ipii
1394 1087 1590 1177 tribuatur,
1615 1084 1766 1164 maioris

459 1184 723 1286 perspicuitatis
746 1185 862 1280 gratia
876 1183 1055 1279 praestare
1076 1185 1230 1272 credidi,
1265 1189 1595 1266 Monunetrivrr
1615 1183 1685 1284 (d)
1713 1184 1768 1262 se·

459 1305 587 1376 cutus,
613 1283 730 1386 ipsum
745 1288 849 1372 illum
865 1285 1044 1360 annulum
1062 1287 1407 1376 membranaceum,
1434 1293 1557 1380 iridis,
1583 1291 1621 1369 ἀ
1643 1289 1765 1388 supet·

458 1392 582 1468 ficiem
595 1390 851 1491 posteriorem,
876 1387 978 1466 iridis
991 1389 1087 1492 tergi
1108 1391 1287 1468 vocabulo
1307 1393 1483 1498 peculiari
1500 1392 1711 1497 significare.

461 1735 465 1749 ·
588 1700 764 1780 Annulus
783 1703 845 1781 ille
859 1701 1138 1795 membraneus,
1166 1703 1228 1780 iris
1250 1703 1384 1791 ditius,
1422 1701 1629 1780 iclerotlcae
1650 1719 1765 1774 anno

462 1827 532 1882 xus
547 1804 594 1880 ad
610 1806 792 1882 ambitum
809 1807 997 1881 internum
1019 1829 1176 1882 corneae
1190 1807 1424 1891 circularem,
1451 1821 1491 1880 et
1511 1825 1582 1900 ope
1603 1796 1764 1876 eellulosr

464 1905 617 1983 orbiculi
640 1909 774 1984 'ciliaris
795 1907 832 1984 ἃ
853 1904 1081 1980 vasculorum
1108 1907 1378 1980 transeuntium
1405 1904 1582 2002 chorioidi
1602 1903 1763 1988 iunt‘tus,

463 2012 581 2108 primo
600 2011 749 2108 quidem
765 2005 902 2096 intuitu
917 2005 953 2078 in
973 2007 1097 2081 medio
1114 2005 1319 2103 perforatus
1333 2005 1402 2081 elle
1419 2009 1580 2090 ridetur,
1607 2025 1703 2104 quae
1717 2003 1765 2078 ad

462 2113 668 2188 recentiora
700 2127 848 2205 quoque
877 2127 995 2208 usque
1024 2125 1188 2206 tempora
1219 2107 1433 2186 communis
1459 2107 1765 2187 Anatomicorum

462 2213 643 2291 sententia
657 2210 787 2286 iuerat.
842 2208 882 2300 Si
896 2233 986 2286 vern
1008 2209 1165 2307 figuram
1180 2211 1287 2286 iridis
1308 2213 1514 2288 accuratius
1534 2211 1764 2294 intueamur,

465 2315 605 2415 optime
620 2319 790 2412 apparet,
819 2335 895 2386 uon
914 2313 1045 2388 exatle
1060 2314 1108 2390 de
1124 2315 1248 2390 medio
1265 2313 1463 2405 circulum,
1488 2313 1587 2412 qnod
1600 2311 1766 2386 foramen

456 2415 593 2522 pupilla
608 2413 755 2500 dicitur,
782 2411 885 2489 fuiii'e
904 2414 1086 2501 ablatum,
1114 2416 1175 2491 l'ed
1190 2419 1368 2492 annulum
1384 2415 1508 2493 versus
1526 2429 1693 2512 tempora
1714 2407 1767 2483 es·

463 2519 500 2596 se
516 2521 700 2598 latiorem,
729 2513 776 2588 ad
791 2514 918 2590 nasum
941 2518 1206 2613 angustiorem,
1240 2529 1281 2594 vt
1299 2519 1478 2594 retianum
1503 2517 1695 2602 fibrarum,
1721 2507 1767 2586 ab

394 2621 401 2636 ’
463 2635 617 2696 externo
631 2615 772 2692 ambitu
787 2617 962 2718 pupillam
981 2619 1103 2692 versus
1125 2620 1451 2704 contendentium,
1486 2621 1604 2692 multo
1625 2615 1767 2708 longio·

461 2739 522 2798 res
537 2717 604 2794 smt
618 2717 721 2804 illae,
749 2735 847 2816 quae
863 2717 909 2792 ab
924 2717 1064 2812 origine
1084 2719 1185 2792 iridis
1205 2720 1377 2814 tempora'
1395 2719 1626 2815 respiciente.
1654 2733 1768 2810 quam

463 2843 557 2920 quac
573 2845 594 2893 a
612 2820 726 2894 latere
747 2819 833 2892 naso
855 2820 1020 2916 propiori
1035 2821 1233 2898 feruntur·
1275 2819 1347 2894 Etsi
1377 2835 1502 2894 autem
1524 2817 1768 2917 inaequalitas

462 2923 524 2999 iila
539 2921 740 2996 latitudinis
755 2920 850 2995 adeo
862 2919 1054 3018 conspicua
1076 2921 1113 2999 ἀ
1136 2923 1232 2996 eima
1262 2921 1320 3006 fit,
1361 2923 1542 2998 utstatim
1573 2921 1607 2995 in
1639 2917 1767 2994 oculos

462 3025 640 3110 incurrat,
669 3022 748 3098 stin
761 3025 848 3097 viuo
864 3021 1016 3098 homine
1039 3025 1172 3105 iridem
1188 3027 1421 3114 intueamur3
1450 3039 1538 3100 ante
1558 3025 1622 3102 Wr
1635 3047 1768 3098 usun-

465 3153 575 3206 wvn
597 3125 652 3218 (e)
685 3141 830 3208 tamen,
865 3125 927 3222 qui
948 3125 1088 3220 primns
1110 3126 1210 3200 illam
1234 3127 1513 3211 animaduertit,
1542 3125 1683 3200 nemini
1704 3128 1768 3200 ob·

462 3222 718 3309 seruatafuiue
732 3225 889 3302 videtur.
950 3227 1035 3304 Post
1059 3225 1161 3302 illum
1183 3227 1452 3326 piuriminunc
1474 3227 1607 3304 moniti
1628 3225 1768 3307 Anato-

363 3361 370 3368 ·
428 3327 433 3342 '
462 3334 548 3410 mici
564 3331 722 3408 eandem
737 3327 798 3406 fibi
812 3325 924 3406 visam
940 3327 1041 3408 fuitie
1056 3327 1252 3414 testantur.
1276 3329 1445 3406 vti'iliius
1462 3331 1691 3407 mentionem
1716 3327 1768 3404 fa·

969 3431 976 3446 ’
1395 3455 1409 3468 ·
1654 3433 1771 3519 ciunt,

504 3701 537 3779 (r
575 3691 1094 3780 Vtutttunrmrprtmrtn.
1137 3701 1223 3765 oculo
1245 3699 1279 3766 T.
1298 3697 1338 3768 V.
1351 3701 1422 3800 [ᾤ.
1454 3700 1511 3768 etii
1532 3701 1768 3768 nuiirmioex·

462 3777 525 3866 piru
538 3779 628 3860 rolog.
645 3777 675 3858 5.
689 3775 790 3842 DVI.
1138 3783 1306 3859 plicatione
1331 3803 1400 3848 etus
1430 3784 1658 3868 inaequalitatis
1681 3805 1770 3846 meu·

1137 3861 1257 3924 tionem
1274 3864 1375 3930 faciat.
1419 3866 1504 3942 Quin
1528 3865 1592 3942 ipse
1612 3867 1671 3926 iam
1694 3863 1768 3929 Ev-

505 3941 557 4024 (ἁ)
579 3937 674 4024 epp.
701 3933 818 4008 Vitii.
831 3938 862 4020 §.
875 3941 907 4006 ό.
1137 3943 1768 4030 eructirrsineeqoalitatemqnundem

1137 4023 1312 4090 latitudiuis
1332 4029 1420 4090 iridlr
1435 4023 1591 4106 expressit.
1616 4027 1659 4088 vti
1683 4031 1769 4106 putet

505 4107 561 4177 (a)
584 4101 723 4165 Primum
747 4099 833 4163 iliam
869 4097 1031 4184 proposuit
1062 4099 1095 4163 iu
1136 4125 1176 4167 ex
1199 4107 1766 4188 Tab.4n.s.6.et8.rt.llnnouro

471 4183 680 4250 lumem.
702 4199 789 4262 1711.
814 4181 1000 4262 etrepetiit.
1043 4179 1094 4246 Tr.
1136 4186 1466 4262 illumnotomsoilie,
1498 4189 1639 4252 millius
1655 4191 1768 4263 verbis,

465 4267 503 4334 re
518 4271 548 4329 tc
564 4273 628 4329 retr.
644 4263 671 4344 ᾗ.
684 4281 753 4342 227.
797 4263 1024 4326 Cnsernrvs
1051 4272 1096 4324 tu·
1135 4269 1420 4336 tillonnnnnro
1437 4270 1557 4342 illotis.
1578 4269 1771 4352 coniicipos·

467 4367 538 4411 men
556 4347 614 4406 ium
629 4347 738 4406 iridem
753 4346 791 4407 ab
806 4347 904 4408 altero
928 4345 1026 4408 latere
1042 4365 1095 4404 en·
1138 4347 1168 4414 se
1183 4351 1318 4418 videtur,
1342 4353 1403 4418 vid.
1419 4353 1500 4440 apii.
1514 4353 1563 4415 eit.
1579 4349 1608 4436 §.
1625 4373 1671 4432 u.

466 4425 636 4512 gustiorem
652 4426 831 4493 delineauit.
878 4423 1042 4511 Ptntoefiiu
1061 4425 1097 4488 de
