4098 5260
822 372 1328 458 PRAEFATIO.

403 575 570 694 perstat,
606 601 706 691 quae
736 573 900 664 ulterius
927 573 979 670 fl
1007 576 1235 668 accuratius
1255 579 1481 670 examinari
1500 596 1735 671 mercantur.

412 689 505 780 Nec
525 704 672 776 nutura
690 701 934 802 quaerentem
957 687 1134 803 deseruit.
1200 690 1411 810 Postquam
1426 711 1552 782 autem
1569 696 1626 783 acl
1642 696 1701 797 cel
1716 745 1735 766 ·

414 802 622 906 leerrimam
648 800 747 890 lanc
769 799 979 914 Musarum
996 801 1125 918 sedem
1153 803 1429 920 clementifflmi'
1449 809 1572 918 nostri
1606 807 1735 920 Regis

414 930 690 1008 nutuoocatus
710 913 1262 1028 munuspulelicelllcclicinam
1283 920 1445 1010 docendi
1471 921 1510 1009 in
1534 951 1591 1008 me
1617 917 1733 1009 caill-
1765 1020 1770 1029 ,

413 1048 495 1122 tum
500 1027 766 1144 susceperam,
809 1057 852 1114 co
870 1029 1013 1116 maiori
1032 1031 1160 1116 anicno
1174 1029 1231 1118 ael
1248 1029 1512 1144 indagandam
1531 1049 1569 1122 et
1591 1034 1734 1148 descri-

414 1144 573 1235 bendam
580 1137 782 1260 fabricam
798 1139 900 1227 oculi
920 1138 1079 1230 lamani
1100 1145 1230 1258 acceffl
1235 1207 1245 1246 ‚
1275 1174 1391 1275 quum
1472 1159 1624 1233 aeterua
1658 1177 1735 1235 non

414 1257 511 1348 adeo
527 1255 621 1344 leuis
630 1254 719 1368 specs
732 1249 827 1342 milei
843 1252 938 1456 epm,
957 1257 1066 1370 fore,
1093 1272 1140 1344 ot
1163 1259 1314 1362 conllco
1343 1274 1381 1346 et
1422 1257 1660 1377 appelleliili
1686 1258 1736 1348 li-

414 1373 576 1463 brorum
603 1369 652 1458 V
647 1362 833 1456 eneronoli
892 1397 1002 1456 caece
1031 1371 1151 1472 toris,
1186 1371 1664 1488 1LL.HALLun1ofies,
1692 1401 1737 1462 eo
1770 1422 1773 1428 ·

405 1483 574 1603 facilius
594 1496 631 1570 et
638 1479 798 1596 plenius
818 1478 960 1570 librum
980 1397 1082 1570 llius
1086 1483 1282 1600 perficere
1297 1484 1439 1574 liceret.

514 1695 712 1813 Disccffies
734 1695 886 1811 quidem
907 1695 958 1786 V
952 1697 1010 1786 iri
1029 1694 1147 1786 huius
1154 1695 1297 1810 stemmi
1324 1727 1349 1786 a
1370 1701 1503 1813 nostra
1524 1699 1737 1792 Academia

413 1829 455 1906 et
483 1812 638 1902 tleeetro
671 1807 925 1917 Anotomico,
985 1840 1062 1898 non
1086 1839 1236 1926 parum
1255 1811 1373 1926 sptem
1390 1844 1518 1914 ‚meam
1544 1812 1738 1912 turbauit.

414 1925 518 2020 Non
539 1944 664 2013 tamen
685 1951 826 2010 omnen
852 1924 1075 2040 euanescere
1084 1923 1225 2041 paffus
1243 1927 1295 2037 est
1314 1907 1736 2043 Illostrifflmi'lllaece·

414 2042 524 2132 natis
539 2036 727 2154 praesens
719 2034 891 2237 semper
911 2035 963 2132 fl
982 2039 1121 2154 efficax
1137 2041 1177 2126 iu
1199 2067 1328 2146 onmes
1346 2039 1551 2131 literarum
1572 2041 1736 2157 cupidos
1898 2067 1908 2075 ·

415 2152 654 2266 benignitas.
739 2151 849 2265 psius
859 2153 1016 2266 summa
1026 2151 1234 2268 sapientia
1245 2153 1369 2258 cauit,
1408 2171 1453 2242 ot
1472 2157 1512 2244 in
1536 2155 1737 2270 exercitiis

369 2371 373 2378 ‚
416 2265 646 2358 anatomicis
667 2264 943 2379 quodammodo
964 2266 1021 2354 od
1038 2262 1109 2354 leoo
1131 2293 1249 2380 osque
1273 2284 1423 2382 tempus
1438 2299 1624 2384 pergere,
1654 2299 1737 2358 coe-

411 2387 603 2580 plumlque
615 2387 715 2494 opus
727 2377 784 2465 aa
786 2378 905 2487 finem
910 2377 1305 2504 pirdecere'lisue'rit
1308 2410 1329 2488 ,·
1355 2398 1471 2496 quam
1495 2377 1648 2516 quidem
1675 2375 1749 2470 to.
1832 2423 1840 2434 ·

416 2524 516 2582 neuo
530 2493 670 2579 entiam
686 2490 970 2604 intersumus,
999 2492 1156 2617 quaein
1170 2501 1227 2576 nse
1240 2509 1379 2580 extare
1398 2495 1533 2612 uolunt,
1547 2494 1742 2604 'bannitio
1855 2507 1861 2522 ’

417 2603 657 2720 lubentiffimc
671 2603 814 2716 resero,
846 2603 1113 2716 etgratcffimo
1126 2613 1248 2687 mente
1261 2628 1439 2688 ueneror.
1716 2634 1720 2649 ·

514 2816 656 2930 Longe
668 2830 806 2918 tanen,
827 2814 930 2906 omni
956 2809 1044 2904 licet
1062 2808 1243 2906 acllcibita
1262 2811 1494 2927 attiguum
1509 2814 1741 2934 mseripmio-

416 2963 500 3026 nem
516 2931 615 3021 leam
628 2929 883 3019 anatomicam
902 2927 952 3019 ab
972 2928 1042 3017 illa
1055 2959 1137 3044 per
1157 2927 1302 3018 etlionc
1317 2927 1438 3045 abcffe
1445 2930 1590 3046 sentio,
1621 2959 1740 3047 quam

419 3049 479 3140 illi
496 3061 749 3163 optumrum
776 3057 814 3130 et
825 3043 927 3130 uitia
943 3058 1046 3132 certe
1067 3042 1110 3156 ip
1128 3042 1284 3146 enideo,
1303 3071 1348 3128 rc
1378 3040 1628 3153 relecnfionem
1642 3044 1752 3136 olio..

303 3245 306 3250 .
418 3193 506 3254 run
527 3157 747 3272 incursura.
811 3154 892 3252 Sed
912 3156 999 3272 ipfie
1010 3158 1127 3270 sata,
1159 3155 1281 3243 multa
1302 3157 1467 3246 otarius
1478 3157 1739 3271 persecutum

315 3307 346 3324 ²
419 3273 667 3386 obstiterunt,
711 3281 833 3384 neque
848 3269 1006 3383 semper
1036 3299 1084 3360 eu
1116 3271 1351 3386 cadauerum
1378 3299 1422 3356 co
1452 3269 1493 3358 ia
1523 3270 1579 3358 od
1601 3299 1761 3360 nanus,

409 3388 518 3506 suit,
550 3413 665 3500 quan
692 3398 783 3472 uoto
803 3409 1059 3498 conceperam.
1093 3379 1336 3491 ·.Obstocela
1354 3297 1451 3494 soll
1465 3375 1562 3468 milei
1590 3378 1738 3471 obtule·

419 3515 537 3604 runt,
569 3525 670 3614 quac
684 3497 775 3599 uix,
805 3525 873 3586 nec
891 3490 1111 3608 nistsunmo
1126 3490 1242 3580 huius
1253 3493 1379 3603 studii
1397 3521 1528 3581 amore
1537 3494 1591 3608 su
1621 3525 1737 3584 crare

251 3687 256 3696 .
419 3614 549 3719 licuit,
577 3641 621 3699 eo
635 3610 816 3698 maiorem
835 3625 962 3696 autem
974 3634 1121 3694 moran
1148 3601 1243 3693 milei
1258 3607 1462 3720 fecerunt,
1491 3635 1569 3722 quo
1615 3635 1738 3724 neque

413 3727 536 3848 plane
561 3723 724 3824 euitaci,
756 3749 878 3838 neque
892 3719 1127 3836 procuidcri
1138 3731 1342 3834 poterant.
1399 3715 1651 3836 Quanquam
1677 3721 1738 3810 ita
1769 3825 1774 3836 ¹

409 3843 509 3970 stne,
549 3867 623 4067 pcss
633 3833 728 3925 milei
749 3839 817 3951 cst,
836 3838 951 3953 sore,
980 3847 1024 3923 ot
1045 3832 1162 3949 aequi
1184 3861 1318 3924 cerum
1337 3831 1482 3926 iudices
1507 3862 1552 3923 eo
1568 3834 1739 3952 facilius
1837 3915 1843 3922 .

421 3983 477 4044 nee
494 3982 592 4044 exau
610 3963 687 4040 ent.
1539 3983 1581 4025 .-

511 4165 563 4256 In
580 4166 664 4282 ipso
677 4179 804 4254 cutem
823 4193 939 4282 opere
952 4191 1019 4256 eas
1032 4159 1216 4280 inprimis
1228 4161 1481 4278 oculipartcs
1493 4159 1736 4280 maioriprae

423 4277 586 4402 reliquis
605 4279 814 4392 diligentia
828 4296 866 4372 ce
878 4277 1204 4403 indesefflestulio
1219 4275 1480 4378 elaborandus
1494 4277 1593 4376 milei
1600 4275 1745 4504 sill}
1762 4329 1784 4396 ··.
