4094 5262
419 417 498 504 ,90
682 390 1571 488 orsenrrrrorrrarorr.'oevrrarram

451 607 793 689 animaduerterunt
808 607 889 710 (g).
942 607 1430 692 EtsrauternBaroosrvs
1447 611 1501 709 (l)
1527 611 1580 689 ita
1593 609 1642 689 de
1656 610 1759 692 fibris

449 715 610 800 retinae,
638 709 684 788 ab
700 711 810 809 optici
824 713 932 790 nerui
943 712 1141 790 insertione
1155 717 1339 792 radiorum
1356 717 1466 801 instar
1489 714 1525 792 le
1542 715 1760 814 ,expanden-

453 817 570 898 tibus.
596 812 750 892 scribere
766 815 954 901 uideatur,
977 840 1022 891 ac
1037 814 1061 891 fi
1079 817 1251 894 fabricam
1268 819 1369 894 illam
1390 819 1563 894 omnibus
1579 817 1656 897 fere
1677 817 1760 892 arri·

452 919 610 996 malibus
623 939 865 994 communem
880 917 953 993 elie
968 918 1158 1008 crederet,
1184 945 1256 996 nec
1271 921 1406 1006 desint,
1431 923 1496 1020 qui
1520 921 1624 996 illum
1645 919 1762 996 secuti

335 1075 340 1085 ι
453 1021 564 1098 libras
578 1021 658 1096 illas
672 1021 710 1094 in
727 1019 878 1096 homine
891 1043 1041 1120 quoque
1061 1021 1261 1116 agnoscant
1281 1023 1362 1119 (i),
1399 1036 1442 1099 vt
1466 1023 1541 1121 ipse
1569 1024 1762 1098 Moatra·

456 1147 599 1202 ouius
614 1120 788 1198 fabricam
803 1121 905 1198 illam
921 1123 1037 1198 latere
1048 1124 1193 1222 potius,
1219 1149 1329 1223 quarn
1349 1127 1502 1201 omnino
1520 1149 1596 1200 non
1613 1123 1683 1200 elle
1704 1147 1765 1200 ar·

453 1227 609 1304 bitretur
623 1221 714 1322 (l);
742 1225 889 1323 plurimi
903 1239 1031 1300 tameo
1046 1227 1293 1316 recentiorum
1311 1227 1420 1304 libras
1435 1228 1517 1302 illas
1533 1229 1572 1302 in
1594 1226 1762 1318 homine,

324 1399 328 1408 .
453 1327 730 1409 &animalibus
742 1323 942 1404 maioribus
955 1329 1077 1403 locum
1093 1327 1340 1417 morabere,
1367 1331 1405 1408 dr
1429 1329 1588 1428 rugis&
1608 1329 1764 1428 compli-

454 1430 661 1510 dationibus
674 1429 802 1506 deberi
817 1429 1030 1508 maluerunt
1045 1427 1115 1524 (1).
1193 1433 1327 1530 Neque
1351 1432 1426 1530 ipse
1451 1433 1489 1506 in
1516 1431 1669 1508 homine
1695 1455 1766 1506 vn·

455 1558 569 1634 quam
583 1533 693 1610 fibras
706 1533 867 1608 radiatas
879 1533 973 1618 vidi,
1000 1531 1076 1608 srue
1089 1535 1245 1609 retinam
1261 1533 1308 1612 ab
1332 1535 1523 1624 exteriori,
1548 1533 1628 1610 flue
1646 1534 1767 1610 intro·

457 1635 641 1736 spiciendo
666 1659 733 1734 per
758 1633 955 1710 humorem
980 1637 1159 1721 vitreum,
1186 1637 1234 1712 ab
1260 1637 1405 1714 interna
1431 1637 1525 1714 facie
1551 1635 1761 1734 [pedorem.
1793 1701 1796 1710 .

455 1737 780 1828 Quemadmodum
794 1749 922 1814 autem
939 1735 1039 1812 libris
1054 1737 1092 1810 in
1109 1739 1228 1814 retina
1242 1740 1405 1816 humana
1420 1739 1510 1816 nihil
1529 1738 1683 1814 omnino
1699 1737 1764 1814 tri-

456 1841 550 1932 buo,
575 1841 626 1916 ita
644 1861 767 1938 neque
783 1840 895 1938 plicas
906 1839 1059 1938 quidem
1073 1839 1251 1936 agnosco,
1275 1841 1301 1922 fi
1321 1865 1454 1918 omnes
1468 1841 1566 1918 oculi
1582 1857 1705 1940 partes
1722 1841 1763 1916 in

458 1942 526 2018 litu
541 1941 698 2016 naturali
714 1956 912 2030 maneant,
938 1939 1001 2016 nisr
1016 1965 1113 2040 quae
1135 1943 1278 2041 abipsa
1300 1946 1580 2042 praeparatione
1601 1943 1766 2021 oriantur

458 2049 538 2138 (m).
588 2042 733 2132 Quodfi
749 2046 870 2130 enim,
903 2044 1065 2120 detralla
1082 2043 1276 2130 choroide‚
1301 2048 1457 2123 retinam
1471 2049 1671 2142 integram,
1695 2044 1766 2120 hu·

456 2147 682 2248 morivitreo
697 2145 1003 2236 circumdoiiam,
1027 2145 1219 2244 aspiciam,
1242 2147 1298 2242 (id
1314 2151 1415 2247 quod
1434 2149 1472 2224 in
1494 2149 1603 2226 oculo
1625 2147 1768 2223 recenti

457 2273 533 2326 non
547 2249 644 2324 adeo
657 2243 805 2326 difficile
822 2247 915 2326 ellici
931 2249 1085 2348 potest,)
1110 2251 1232 2326 nullas
1252 2251 1405 2328 omnino
1428 2253 1543 2350 plicas
1563 2247 1766 2346 distinguo,

458 2349 522 2430 etfi
537 2349 964 2450 ablatohaemisphaerio
986 2353 1159 2449 superiori
1181 2356 1340 2440 retinae,
1366 2355 1522 2430 alteram
1546 2367 1688 2450 partem
1715 2351 1769 2426 sa·

457 2455 530 2532 oile
543 2457 579 2530 in
595 2455 708 2554 plicas
723 2453 908 2534 contrahi,
936 2453 996 2544 dr,
1022 2452 1186 2550 depofito
1198 2455 1358 2532 humore
1372 2457 1510 2548 vitreo,
1534 2455 1573 2530 io
1588 2475 1698 2551 rugas
1713 2453 1768 2530 fe·

458 2555 829 2635 reradiatascollabi
853 2557 961 2630 facile
974 2555 1120 2629 videam
1136 2557 1203 2650 (a).
1258 2559 1300 2634 ln
1318 2581 1361 2632 ea
1377 2558 1649 2644 tamenretina,
1675 2557 1770 2631 dum
1872 2551 1883 2564 '

459 2655 560 2731 illam
577 2654 681 2750 iuper
693 2655 853 2728 vitreum
870 2655 1066 2732 humorem
1088 2655 1306 2750 expansam,
1327 2659 1566 2754 microscopio
1587 2659 1769 2730 attentius

459 2755 653 2844 examino,
680 2754 805 2852 piures
819 2754 974 2830 obseruo
988 2754 1143 2828 lineolae
1159 2755 1434 2851 pellucidiores‚
1462 2761 1565 2834 nullo
1586 2771 1688 2832 certo
1709 2779 1771 2832 or·

460 2858 549 2934 dine
567 2855 679 2932 ramis
694 2855 908 2932 transuersis
923 2857 1020 2934 inter
1035 2855 1071 2929 se
1084 2855 1242 2942 iunllas,
1280 2859 1379 2933 inter
1400 2883 1494 2958 quas
1513 2859 1662 2936 areolae
1680 2883 1770 2957 opa-

461 2961 580 3038 ciores
609 2959 801 3056 magisque
831 2959 976 3034 albidae
1003 2957 1302 3055 intercipiuntur,
1326 2984 1426 3058 quae
1452 2964 1545 3039 nihil
1575 2961 1676 3036 aliud
1705 2957 1771 3038 nist

462 3061 605 3240 vascpsle
621 3084 685 3238 pgr
703 3059 884 3158 reliquam
896 3059 1144 3138 medullarem
1164 3063 1309 3140 rerinae
1329 3061 1563 3145 substantiam
1582 3064 1772 3164 pellucen·

461 3167 548 3244 tiae
576 3163 646 3240 evi
673 3175 792 3240 entur

1645 3363 1774 3446 Cralli-

504 3629 565 3770 (p)
590 3625 857 3714 mirarem.
1137 3627 1319 3693 lirun.
1351 3628 1446 3708 prim.
1481 3629 1537 3698 liu.
1571 3627 1697 3712 piyfiol.
1738 3631 1771 3712 §.

508 3713 524 3788 (
550 3717 563 3787 )
588 3709 824 3792 Oplrlhalmugr.
844 3730 868 3774 c.
881 3729 913 3790 3.
1140 3709 1216 3776 DV
1219 3707 1285 3772 111.

506 3793 554 3872 (i)
582 3791 636 3856 Sic
654 3807 696 3854 v.·
720 3812 755 3874 g.
782 3793 960 3856 l’aevcor
998 3787 1100 3854 fimile
1183 3791 1264 3868 (m)
1296 3789 1380 3857 idem
1406 3789 1467 3854 irm
1496 3789 1621 3854 monuit
1648 3789 1772 3888 Perga·

359 3893 369 3906 ·
466 3873 542 4022 ffirid
559 3875 673 3935 docere
686 3873 823 3947 videtur,
848 3875 917 3939 libr.
929 3875 977 3936 cil.
1002 3893 1034 3954 p⁴
1051 3883 1099 3945 ¹8·
1146 3868 1242 3933 Mem.
1263 3869 1318 3934 Ac.
1338 3869 1415 3952 Roy.
1436 3869 1547 3936 Srirnc.
1573 3878 1659 3952 ¹7²⁶·
1672 3893 1704 4018 pl
1719 3885 1774 3944 go.

506 3955 610 4018 urade
631 3951 938 4018 subderetimeuide
960 3953 994 4014 in
1013 3951 1102 4014 Com-
1141 3951 1241 4014 l’licae
1268 3953 1387 4014 retinre
1407 3972 1533 4035 quoque
1551 3963 1648 4034 negat

468 4045 558 4102 mm.
588 4033 702 4104 Boou
734 4033 856 4104 MV·
892 4029 1100 4116 §.DXXV-
1141 4051 1332 4096 namnum
1351 4033 1383 4114 δ.
1400 4051 1472 4110 741.

468 4127 530 4182 tol.
545 4137 571 4182 r.
1184 4125 1231 4178 ιη)
1253 4113 1360 4192 Rupes
1387 4113 1542 4178 eiusmodi
1569 4113 1688 4178 retinae
1707 4115 1777 4197 pirr-

510 4199 563 4280 (l)
583 4195 893 4272 uiuraemuda
1165 4192 1379 4262 'tllvrsora
1412 4196 1444 4261 Τ.
1459 4201 1506 4262 rd.
1525 4193 1614 4278 fiio.
1635 4196 1679 4260 ad
1694 4195 1775 4280 epifi.

1183 4275 1250 4342 111.
1273 4287 1429 4340 erearum
1447 4297 1573 4360 quoque
1584 4277 1778 4342 mentionem

511 4357 554 4442 (r)
578 4361 685 4426 rum
706 4359 828 4425 reem
847 4355 953 4423 reeca
974 4353 1024 4426 uu
1045 4373 1100 4420 n:
1141 4355 1267 4422 autin
1289 4356 1435 4440 raeiri.
1453 4353 1676 4444 affirm
1796 4363 1803 4372 ·

1705 3973 1776 4020 111·
