4098 5260
280 474 283 483 ’
394 495 579 567 'can'r'n-
599 511 659 566 nn
679 509 786 567 rvu.
808 509 948 566 cnon.
963 511 1021 566 aa·
1040 496 1253 566 neocaes,
1280 474 1457 566 ernian.
1525 491 1580 584 65.

272 675 381 767 cedit.
406 673 412 689 '
435 691 541 768 illam
554 704 683 770 autem
697 692 964 792 duplicaturam
985 690 1168 768 choroidis
1188 691 1226 766 in
1247 637 1583 787 corpuscula-etni-¹

271 793 398 868 nentia
414 795 640 892 processuum
661 796 840 871 cibarium
865 798 1021 894 plicatae
1046 779 1250 888 ingreditur
1275 791 1446 868 cellulosa
1472 793 1572 877 alba.
1697 809 1702 814 “
1781 827 1786 837 ’

273 895 495 982 tenuissima,
528 893 632 970 simili
661 898 739 972 sere
762 896 912 986 fabrica,
946 919 1058 996 quam
1082 897 1120 969 in
1143 896 1299 969 valoniis
1321 895 1574 992 intestinorum

272 997 460 1082 tenuium,
487 999 667 1095 explicata
692 1000 859 1094 ampliori
876 995 1575 1086 tunicavillosasaslis,anatomicorum

270 1095 445 1196 industria
458 1099 600 1174 deterit
613 1097 691 1200 (p).
745 1103 894 1177 lnterna
912 1101 1004 1196 baec
1021 1099 1067 1174 src
1081 1097 1202 1174 striata
1215 1111 1256 1172 et
1277 1098 1409 1197 plicata
1427 1099 1576 1174 chorei·

271 1199 330 1274 dis
343 1197 456 1278 ficies
469 1201 650 1278 incumbit
663 1203 757 1300 parti
772 1205 945 1280 anteriori
958 1200 1126 1278 humoris
1138 1199 1261 1286 ultrei,
1288 1200 1340 1276 ita
1361 1217 1508 1290 tamen,
1535 1213 1576 1276 vt
1683 1234 1686 1247 ⁴

270 1316 418 1401 praeter
431 1303 662 1399 pigmentum
681 1305 829 1398 nigrum
844 1305 1100 1392 membranula
1115 1291 1308 1399 peculiaris
1324 1303 1577 1402 vtriqueparti
1621 1355 1624 1360 -

270 1401 545 1501 balneapolim.
597 1404 820 1503 Vbiuempe
839 1407 999 1482 annulus
1022 1429 1069 1481 ex
1091 1405 1249 1480 humore
1267 1421 1347 1506 atro
1372 1405 1575 1496 conflatus,

272 1506 334 1603 qui
352 1507 387 1579 in
403 1505 561 1582 humore
577 1510 695 1582 vitreo
716 1505 879 1602 deposta
904 1509 1045 1583 lentem
1072 1519 1249 1604 tanquam
1279 1529 1414 1582 corona
1438 1508 1577 1604 cingit,

269 1605 491 1683 subtililbmo
509 1604 679 1710 penicillo
697 1608 826 1684 a'sacie
842 1609 1015 1685 anteriori
1029 1607 1195 1683 humoris
1212 1609 1337 1695 vitrei,
1364 1610 1424 1684 cui
1440 1611 1577 1684 adhae-

268 1721 344 1793 ret,
372 1708 689 1790 abllursussuerit.
715 1724 756 1785 vt
777 1712 901 1786 omnia
924 1735 1016 1811 pura
1037 1709 1282 1806 reliquanmr3
1317 1719 1408 1786 tunc
1427 1734 1578 1789 accura-

270 1811 354 1886 tiori
368 1813 540 1887 examine
556 1811 736 1909 reperitur
748 1812 1003 1888 membranula
1017 1823 1083 1886 aut
1096 1811 1229 1885 zonula
1244 1812 1382 1886 annulo
1400 1813 1578 1913 uigioaru

151 1927 160 1940 '
270 1923 332 1988 tea
348 1914 457 2012 plane
472 1913 584 2000 tella,
614 1937 708 2010 qnae
724 1914 769 1988 ab
794 1916 968 1990 anteriori
991 1925 1095 2010 parte
1115 1912 1281 1988 humoris
1299 1913 1406 1988 vitrei
1429 1915 1576 1991 tunicae

270 2033 370 2102 orta,
396 2018 494 2093 inter
508 2015 662 2102 illam&
684 2015 915 2110 pigmentum
929 2018 1077 2112 nigrum
1091 2014 1253 2114 corporis
1275 2015 1407 2092 cibaris
1429 2039 1576 2114 progre-

270 2117 387 2202 ditur,
410 2117 450 2194 bt
465 2119 689 2192 connexitati
704 2119 856 2193 demum
870 2118 1055 2194 'anteriori
1074 2115 1241 2213 capsulae
1261 2116 1373 2194 lentis
1393 2117 1486 2195 vltra
1507 2121 1576 2196 cir-

270 2221 396 2294 culum
412 2220 616 2292 maximum
630 2219 858 2306 immittitur,
887 2239 999 2317 quam
1016 2219 1189 2293 zonulam
1205 2219 1382 2294 laxiorem
1397 2222 1576 2317 plurimae

270 2321 425 2396 librillae
439 2319 643 2417 breuiores,
672 2319 860 2410 fortiores'²
888 2321 1098 2418 pestinatim
1121 2318 1329 2415 dispositae,
1357 2321 1403 2396 ab
1418 2322 1576 2398 humore

270 2423 387 2498 vitreo
403 2423 450 2498 ad
466 2423 605 2495 lentem
629 2433 887 2522 excurrentes,
929 2445 995 2520 per
1011 2421 1205 2496 interualla
1229 2420 1418 2521 stringunt.
1471 2426 1576 2502 Haec

271 2545 408 2622 nempe
425 2523 476 2600 est
491 2545 627 2597 cororra
641 2522 774 2597 ciliaris
788 2523 860 2599 allo
874 2524 913 2598 in
931 2523 1021 2599 loco·
1032 2523 1105 2597 iarn
1122 2521 1212 2597 mihi
1229 2523 1342 2614 ditta,
1369 2525 1415 2600 ab
1437 2528 1575 2604 annulo

270 2626 335 2702 illo
356 2629 462 2719 nigro
483 2621 712 2700 diuersissima
737 2625 835 2722 (a),
869 2626 974 2705 cuius
995 2647 1154 2702 coronae
1174 2622 1346 2700 fusiorem
1368 2625 1576 2726 descriptio-¹

269 2739 356 2806 ilem
373 2727 526 2802 inleriu'a
542 2726 647 2800 dabo.
704 2727 871 2804 Coronae
888 2751 975 2823 ergo
995 2727 1082 2802 huic
1097 2726 1209 2802 ciliari
1221 2751 1355 2826 corpus
1368 2728 1493 2806 ciliare
1505 2757 1576 2831 ope

270 2831 421 2928 glutinis
436 2830 577 2905 tenacis
593 2828 733 2927 potius,
760 2839 872 2927 quarn
888 2851 974 2906 vera
989 2827 1236 2904 cellulobtate·
1250 2830 1299 2904 lta
1315 2835 1575 2930 agglutinatur,
1703 2859 1706 2866 ’

201 2947 205 2954 ’
271 2947 313 3009 vt
325 2933 479 3032 quaeuis
494 2932 589 3028 plica
605 2932 767 3026 corporis
782 2927 915 3005 ciliaris
934 2931 1130 3028 recipiatur
1145 2930 1243 3004 solco
1259 2955 1417 3008 coronae
1430 2937 1491 3008 cili
1507 2939 1574 3019 ris,

270 3035 367 3112 satio
382 3059 401 3109 a
419 3034 518 3109 fibris
532 3033 603 3106 illis
620 3031 848 3105 breuioribus
869 3033 1043 3108 zonularn
1064 3034 1164 3108 illam
1187 3033 1464 3128 stringentibuS‚
1488 3061 1575 3112 curn

269 3136 461 3214 interstitia
475 3135 570 3208 inter
584 3131 694 3206 fibras
710 3131 791 3203 illac
808 3132 928 3207 relisla
947 3133 1153 3209 interuallis
1172 3133 1349 3228 plicarum
1373 3157 1576 3232 congruere

269 3239 496 3314 videantur..
530 3229 798 3307 Connerrloilla
814 3235 976 3328 corporis
993 3233 1125 3308 ciliaris
1142 3257 1226 3306 curn
1246 3258 1381 3314 corona
1396 3239 1508 3315 ciliari
1526 3242 1544 3316 s
1561 3287 1577 3304 ·

269 3341 318 3418 tis
334 3347 504 3415 accurata
521 3333 590 3418 est.
617 3344 674 3420 vt,
701 3330 762 3409 nisr
781 3335 900 3428 cultro
917 3337 1125 3410 anatomico
1139 3349 1333 3435 utramque
1357 3353 1497 3433 partem
1525 3345 1576 3420 se.

270 3467 400 3544 pares,
426 3437 569 3531 facilius
585 3433 760 3534 particula
776 3438 936 3560 corporis
951 3437 1083 3522 ciliaris
1105 3459 1126 3510 a
1145 3437 1284 3534 relipua
1308 3438 1497 3526 substamia
1522 3448 1574 3524 di.
1602 3476 1606 3499 ·

270 3547 450 3633 uallatur,
479 3563 598 3643 ,quam
614 3561 760 3644 corpus
788 3539 913 3618 cillere
940 3563 962 3619 a
989 3563 1126 3622 corona
1154 3539 1266 3617 cilbtri
1296 3542 1574 3641 austeriorum

1513 3653 1660 3730 etsrv

138 3831 147 3838 ι
199 3837 202 3843 ¹
244 3927 247 3934 .
312 3873 376 3958 (p)
406 3869 480 3938 Vrrl.
505 3867 555 3935 lll.
586 3867 778 3937 Hancne!
808 3871 901 3952 prim.
945 3861 1574 3954 raquitmdamocartparribas.cap—11.

273 3951 483 4098 sinpliypu
510 3945 645 4018 DCCV.
697 3960 704 3968 “
944 3947 1061 4030 8371.
1150 4008 1153 4019 ,
1691 3983 1694 3988 -

311 4035 365 4114 (a)
425 4036 467 4096 id.
501 4027 569 4096 Pro
592 4051 635 4097 r.·
657 4030 694 4096 dt
729 4031 904 4114 ligamentis
983 4029 1039 4108 (a)
1062 4025 1577 4096 sortilllrnabacadliaesroneex·

271 4113 542 4193 abaritanam.
587 4111 902 4179 .lll.Cameeavs.
944 4109 1051 4192 plicari
1069 4107 1152 4190 posse
1173 4110 1315 4182 videtur,
1345 4117 1504 4191 quomodo
1528 4117 1577 4176 in.

271 4215 289 4262 a
322 4215 387 4279 quo
416 4194 510 4258 buius
537 4193 633 4274 partic
660 4193 903 4273 appellationem
946 4194 1069 4254 tardum
1087 4192 1118 4252 iu
1134 4191 1228 4252 oculo
1254 4191 1369 4254 recenti
1394 4196 1574 4273 contingat,

271 4277 395 4360 recepi,
448 4291 511 4338 non
540 4271 612 4336 sati
633 4287 776 4338 accurate
805 4293 905 4337 zonu·
945 4269 1447 4351 rtlenscrylialliuainsrtusuo
1471 4296 1575 4340 mane.

255 4361 331 4425 *lam
355 4358 445 4422 nobis
466 4351 581 4419 ditium
604 4357 643 4418 ab
670 4357 789 4419 annulo
820 4353 904 4434 bigni
944 4367 994 4426 ct,
1017 4351 1141 4430 corpori
1161 4351 1257 4412 cilicii
1286 4353 1316 4412 in
1344 4354 1431 4415 omni
1458 4359 1576 4424 ambitu

224 4449 230 4466 ’
272 4437 568 4518 nurcidistiuguere
597 4435 729 4500 videtur.
776 4433 903 4518 Differ&
945 4433 1062 4575 ionilla,
1079 4431 1134 4496 etsi
1152 4432 1265 4496 humor
1281 4435 1397 4499 vitreus
1411 4438 1507 4582 planp
1525 4443 1577 4503 ab.

1507 4539 1575 4586 utus
