4094 5262
470 458 527 532 μ
571 442 747 511 eamr.
776 444 1264 514 nnnvnonnvrnnno.
1403 527 1406 534 ,
1476 458 1581 546 ἰη

268 645 305 722 in
321 637 478 720 hornore
496 640 623 745 vitreo·
631 639 749 740 pinxit
763 639 968 728 Hovrvs,
993 651 1101 718 natas
1123 666 1147 720 a
1170 641 1341 744 pnpillola
1359 649 1578 738 membrana

270 747 455 824 chornidis
475 744 563 848 (y),
591 759 656 822 ant
675 743 737 834 illa
761 743 922 827 vascula,
947 768 1045 844 quae
1065 746 1230 824 delineat
1247 748 1580 848 serpentinulorum

271 849 419 940 nmilia,
459 849 640 953 capitibun
677 847 791 923 rnodo
823 845 962 924 sursum
990 847 1121 937 verlis,·
1160 850 1274 926 modo
1299 853 1471 934 deorsum
1497 860 1578 958 (z).

268 951 521 1032 Omniaeninr
536 952 598 1026 illa
612 953 662 1029 ita
679 975 726 1026 ex
740 949 889 1045 ingenio
905 949 987 1026 fitta
1004 949 1075 1027 elle
1102 953 1305 1042 videntur„
1322 971 1379 1046 vt,
1416 984 1508 1038 num
1537 965 1582 1043 srt

249 1083 251 1086 ·
271 1058 310 1136 in
326 1055 477 1132 homine
491 1055 556 1131 illo
569 1054 706 1154 aliquid
723 1053 820 1140 serii,
847 1079 924 1160 non
938 1051 1012 1130 sine
1027 1053 1106 1131 iure
1121 1051 1418 1157 dubitari'poffit.
1471 1055 1581 1153 Quod

272 1155 322 1236 ad
338 1159 593 1234 meas-attinet
612 1156 909 1246 obseruationes,
933 1157 1027 1233 mihi
1050 1183 1151 1234 nunc
1172 1160 1325 1237 demum
1347 1163 1492 1242 vaseula
1513 1169 1583 1247 hu·

272 1260 388 1338 moris
404 1262 510 1336 vitrei
527 1259 598 1336 vila
623 1258 726 1334 soille
748 1259 882 1341 fateor,
916 1259 1108 1362 postquam
1129 1275 1241 1337 antea
1264 1261 1406 1362 sempe'r
1424 1269 1584 1368 diligen.

185 1417 187 1427 ·
274 1364 366 1441 tiam
379 1361 417 1442 δι
430 1366 550 1438 aciem
564 1362 759 1437 oculorum
774 1359 996 1455 effugerunt.
1060 1364 1103 1438 ln
1123 1359 1260 1438 fetibus
1281 1389 1419 1465 nempe
1440 1373 1583 1450 caninis

273 1489 406 1544 recens
420 1466 535 1551 natis.
561 1487 721 1564 quorum
738 1463 934 1567 palpebrae
948 1461 1070 1539 adhuc
1086 1477 1191 1539 erant
1204 1467 1491 1561 conglutinatae,
1506 1497 1594 1554 ceri

272 1567 402 1646 tiffima
420 1567 494 1644 lide
506 1565 714 1652 obseruani,
743 1589 792 1640 ex
809 1565 981 1640 arterioln
997 1563 1172 1664 sanguine
1186 1562 1318 1664 plena,
1342 1595 1439 1668 qnae
1460 1599 1507 1650 ex
1526 1601 1586 1655 ar.

273 1671 367 1746 teria
380 1669 535 1746 centrali
548 1671 690 1746 retinere
702 1681 790 1744 nata
805 1690 871 1766 per
885 1665 1083 1744 humorem
1097 1668 1256 1744 vitreum
1271 1671 1367 1747 tella
1379 1674 1428 1749 ad
1444 1675 1587 1758 lentem

146 1771 153 1783 ’
191 1795 196 1804 ·
274 1771 409 1858 fertur.
437 1773 474 1846 in
494 1765 625 1848 itinere
641 1771 819 1870 plurimos
836 1769 956 1846 emitti
975 1767 1136 1847 surculos
1157 1770 1320 1848 runetlos
1341 1777 1585 1873 tenuillirnos.

272 1862 313 1950 in
335 1873 488 1948 cellulas
502 1875 669 1950 humoris
680 1876 788 1949 vitrei
808 1872 1017 1947 distributos
1036 1873 1125 1965 (a),
1163 1871 1201 1950 δι
1230 1871 1324 1950 alios
1350 1881 1512 1956 ramulos
1537 1908 1588 1960 ex

273 1975 341 2052 illo
355 1975 525 2052 trunculo
541 1992 644 2052 ortos
658 1999 723 2074 per
739 1974 966 2073 superficiem
989 1975 1211 2050 exteriorem
1228 1973 1395 2054 humoris
1409 1981 1515 2062 vitrei
1529 2009 1587 2062 re·

272 2092 419 2178 pentes.
473 2081 669 2158 Praeterea
688 2080 723 2152 in
741 2078 849 2152 oculo
864 2077 1062 2152 veruecino
1076 2077 1217 2174 optime
1233 2079 1360 2156 detexi
1377 2087 1588 2168 arteriolam
1639 2081 1644 2094 ’

274 2205 325 2256 ex
341 2181 495 2256 centrali
507 2195 647 2264 ortam,
675 2180 713 2255 ot
729 2180 1003 2276 pernumerem
1018 2179 1176 2253 vitreum
1194 2177 1379 2266 diffusam,
1407 2211 1502 2284 quae
1524 2213 1588 2268 au.

275 2295 358 2360 tem
378 2283 587 2358 odientem
611 2281 819 2378 pertingere
843 2279 935 2354 mihi
960 2278 1110 2374 quidem
1138 2302 1214 2354 non
1248 2281 1459 2378 videbatur„
1503 2291 1589 2374 Alia

262 2383 408 2464 'autern
422 2385 567 2462 vascula
580 2409 627 2461 ex
642 2381 854 2479 ligamentis
869 2379 1052 2458 ciliaribus
1066 2395 1148 2458 orta
1165 2383 1333 2461 nondum
1346 2387 1421 2466 vidi
1434 2390 1538 2490 (15)·

330 2590 387 2670 (y)
413 2585 538 2655 Linde
561 2585 640 2667 23.
652 2583 723 2664 fid.
955 2579 1148 2648 ramulorum
1182 2583 1221 2648 ed
1259 2585 1396 2651 vitreum
1422 2586 1597 2660 hnororen'
1664 2585 1678 2612 ⁸

323 2673 380 2742 (κ)
406 2673 483 2748 m.
501 2668 559 2750 fig.
576 2687 606 2746 4.
623 2687 651 2747 5.
668 2672 696 2730 ό.
715 2681 746 2746 7.
955 2665 1076 2728 nullent
1092 2663 1209 2730 facient
1225 2669 1432 2743 mentionem,
1468 2691 1526 2736 nos
1542 2684 1590 2738 tn·

322 2751 379 2837 (a)
399 2751 547 2830 lnnrimis
561 2748 642 2810 hane
659 2768 723 2812 rein
737 2742 917 2809 attentione
955 2765 1030 2810 men
1046 2746 1213 2811 admittere
1231 2751 1353 2814 videtne
1367 2751 1412 2816 ut
1434 2691 1589 2824 {lent-m

283 2831 561 2916 dignemeredidi.
582 2849 680 2911 quum
704 2825 918 2904 etLoon‘l.
956 2826 1332 2909 nvsdescmrnotuli.
1373 2851 1442 2912 252.

281 2917 337 2993 etr,
374 2927 410 2982 et
425 2921 637 2987 Monam.
660 2907 731 2996 diff.
752 2912 805 2978 rit.
825 2907 916 2992 §.en
1000 2907 1320 2996 (15)Suppl.C,lV·
1373 2925 1423 2992 ιε.

885 3639 890 3652 1
948 3617 959 3634 Ι
1174 3521 1194 3632 1

694 3782 698 3791 .
835 3771 840 3799 r
1204 3784 1209 3794 .
