4098 5260
457 419 512 516 ἰῑ
586 519 592 532 ¹
672 405 1568 522 &asenarioaithdortfot‘jtr‘ltvrrsnr

461 627 660 730 plerosque
674 623 851 706 inualuitr
880 620 944 700 etsr
952 623 1049 701 Galli
1064 623 1232 722 inprimis
1246 623 1367 700 nostro
1381 649 1476 701 aeuo
1491 623 1770 708 vueaenomine'

462 741 607 834 partem
620 727 859 830 posteriorem
872 725 982 805 huius
998 728 1146 804 tunicas
1156 723 1330 824 infignire
1342 727 1465 806 adhuc
1480 725 1630 805 soleant.

716 855 766 940 ..Ξ
811 909 855 940 .-,
1030 882 1066 927 2³
1173 928 1180 939 .
1259 857 1484 941 ‘'Ji'':r

843 969 856 983 ”
1049 961 1083 1056 §l
1136 967 1186 1044 11.

531 1086 676 1181 Facies
696 1099 863 1177 externo
883 1085 1039 1200 eiusque
1059 1088 1247 1176 connexio
1267 1113 1339 1202 opt
1358 1083 1614 1198 cellulofitatr's
1626 1113 1710 1178 cum

643 1199 876 1318 sclcrotr'co,
895 1199 1201 1320 sucispirclrrno
1214 1201 1435 1313 omninexu
1450 1199 1588 1290 libera.

479 1371 486 1381 ·
570 1351 776 1432 Choroides
795 1370 883 1444 ergo
901 1347 965 1424 illa
980 1349 1105 1428 tunica
1119 1353 1170 1430 est
1184 1351 1326 1442 mollis,
1352 1349 1571 1442 tenerrima,
1598 1361 1648 1438 et.
1675 1345 1776 1451 quod

467 1455 517 1536 ad
532 1457 692 1558 primum
709 1453 827 1528 statim
842 1451 1019 1528 intuitum
1033 1469 1202 1554 apparet,
1229 1452 1388 1532 conflata
1407 1477 1455 1530 ex
1474 1451 1679 1530 innumeris
1699 1451 1776 1531 vas·

466 1561 561 1637 culis
570 1543 589 1647 ,⁸
607 1577 767 1660 quorum
780 1551 979 1649 maiuscula
1001 1554 1176 1654 sanguim
1197 1558 1340 1655 semper
1357 1557 1471 1652 plopa
1489 1553 1777 1651 deprehendun-

467 1673 532 1739 tur
546 1661 633 1764 (s),
649 1664 755 1760 'quae
770 1656 815 1730 ab
829 1655 1027 1732 insertione
1047 1660 1156 1734 nerui
1184 1659 1295 1757 opiici
1329 1657 1377 1732 ad
1403 1655 1585 1751 originem
1618 1677 1775 1730 corneae

467 1787 587 1864 usque
601 1759 833 1842 concentriea
847 1757 943 1832 intra
958 1755 1184 1836 scleroticam
1209 1757 1382 1855 expansa,
1426 1753 1560 1833 saclsm
1580 1755 1663 1832 eius
1681 1754 1778 1832 inte·

351 1900 358 1908 ·
470 1867 608 1942 riorem
623 1859 772 1946 oblinit,
799 1879 886 1931 cum
902 1870 1028 1953 quaet
1044 1845 1215 1936 cellulosa
1230 1859 1306 1936 tela
1326 1871 1365 1934 et
1377 1859 1504 1935 multis
1519 1855 1675 1934 vasculis
1688 1880 1778 1934 corr·

470 1963 647 2061 iungitur.
702 1959 808 2036 idem
823 1957 1045 2052 amensa,
1072 1961 1173 2064 quod
1193 1958 1419 2038 inomnihas
1440 1959 1590 2058 reliquis
1612 1959 1778 2058 partibus
1836 2037 1842 2048 ,

472 2065 635 2165 corporis
653 2059 809 2156 humani
821 2059 1021 2159 contingit,
1048 2077 1089 2139 vt
1104 2087 1240 2164 nempe
1252 2056 1549 2144 cellulosrtasilla
1561 2061 1602 2136 in
1623 2061 1776 2148 infante.

473 2168 605 2246 maiori
620 2167 743 2264 copia,
769 2160 863 2237 acin
879 2161 1024 2248 adulto,
1057 2166 1131 2240 lruc
1152 2165 1340 2262 congesta,
1374 2177 1414 2238 et
1436 2163 1553 2241 laxior
1573 2163 1779 2262 deprehen·

474 2271 594 2350 datur.
648 2261 1212 2365 Celtulosaiuatelaptnmque
1237 2265 1493 2350 membranam
1520 2261 1653 2364 ubique
1681 2265 1777 2341 arste
1881 2255 1888 2274 ⁸
1982 2280 1987 2291 ’

367 2364 371 2378 ’
473 2374 572 2452 inter
587 2369 621 2447 se
636 2367 846 2461 coniungit,
871 2357 1047 2465 copiosior
1059 2387 1185 2444 aurem
1200 2365 1488 2466 deprehenditur
1502 2366 1779 2444 secundumdu·

475 2475 574 2554 llum
589 2469 817 2550 vasculorum
835 2480 874 2540 et
887 2469 1129 2546 neruulorum
1140 2469 1344 2555 odierium,
1371 2493 1465 2570 quos
1487 2465 1695 2570 iclerotioae
1713 2491 1780 2552 aa·

475 2575 605 2660 uellit,
633 2575 671 2649 in
685 2569 839 2644 homine
853 2571 1074 2658 tenerrima,
1110 2569 1256 2646 vtilatu
1271 2573 1369 2647 inter
1392 2583 1587 2670 utramque
1613 2573 1778 2648 tunicam

474 2672 649 2756 immisso,
676 2669 782 2746 sacile
799 2665 994 2743 choroides
1010 2696 1031 2745 a
1048 2668 1233 2747 sclerotica
1247 2670 1412 2762 secedat,
1435 2686 1474 2750 et
1495 2673 1603 2748 vnice
1625 2671 1778 2748 vasculis

474 2774 686 2853 scleroticae
702 2767 919 2850 adhaereatr
950 2770 988 2843 in
1010 2771 1108 2847 boue
1132 2784 1262 2848 autem
1280 2773 1433 2874 aliisque
1454 2771 1672 2850 animalibus
1693 2771 1779 2850 satis
1845 2862 1851 2872 ¹

414 2921 417 2932 ·
474 2875 580 2957 sortis
596 2889 635 2954 et
649 2887 760 2950 tenax
775 2869 843 2970 est,
871 2883 909 2946 et
923 2871 1112 2948 vinculum
1126 2873 1223 2950 inter
1241 2885 1434 2972 vtramque
1454 2879 1618 2953 tunicam
1640 2874 1780 2953 arililii·

475 3001 582 3058 mum
597 2973 799 3056 constituit,
834 2981 893 3056 vt,
920 2963 1192 3085 srscleroticam
1215 2992 1410 3054 remouere
1431 2979 1538 3064 velis,
1567 2976 1672 3077 saepe
1691 2979 1781 3055 faci·

418 3147 421 3154 .
475 3077 549 3161 lius
564 3079 724 3156 laminae
742 3071 939 3149 chorioidis
955 3091 1139 3154 'externae
1160 3077 1313 3156 laciniae
1339 3077 1472 3155 faciem
1505 3079 1604 3156 illius
1629 3079 1791 3156 interioae

476 3207 557 3264 rem
574 3183 786 3279 sequantur,
815 3186 880 3250 aut
891 3175 1097 3254 chorioides
1111 3179 1220 3278 plane
1236 3194 1437 3280 rumpatur,
1465 3193 1577 3282 quam
1592 3181 1782 3258 vinculum

476 3284 568 3364 illud
584 3282 673 3360 solui
690 3275 805 3380 possrt.
865 3279 907 3353 ln
930 3279 1087 3356 eandem
1112 3281 1322 3358 cellulosam
1342 3283 1380 3358 in
1403 3282 1501 3359 boue
1522 3285 1784 3364 Srnerrsur·

481 3410 569 3466 uus
591 3389 663 3482 (g)
689 3379 952 3480 pinguedinem
969 3379 1118 3458 effusam
1135 3385 1236 3468 vidit,
1262 3383 1489 3485 quodetiam
1502 3384 1783 3464 Mononortr·

480 3511 535 3566 vs
554 3487 622 3580 (h)
650 3479 837 3560 nonnullis
857 3482 896 3557 in
920 3479 1073 3580 piscibus
1096 3485 1314 3564 obsemaurt.
1368 3485 1451 3569 Quo
1480 3486 1629 3584 propius
1653 3499 1782 3564 autem

355 3641 358 3650 ,
477 3585 685 3668 chorioides
701 3581 748 3659 ad
762 3583 942 3682 originem
956 3585 1056 3662 iridis
1072 3584 1256 3686 procedit.
1295 3609 1341 3661 eo
1359 3585 1489 3662 maiori
1517 3587 1622 3688 copia
1647 3589 1783 3670 faciem

479 3695 560 3774 eius
581 3703 774 3768 externam
799 3681 972 3764 cellulosa
987 3687 1049 3764 illa
1073 3682 1241 3770 obducit.
1276 3696 1316 3761 et
1338 3681 1491 3766 demum
1513 3685 1658 3790 semper
1678 3684 1792 3768 austa‘

477 3793 603 3888 album
629 3786 735 3868 illum
763 3785 960 3878 circulum,
1000 3789 1064 3890 qui
1092 3785 1277 3867 orbiculus
1308 3783 1440 3868 ciliatis
1468 3787 1620 3883 dicitur,
1657 3790 1792 3871 efficit-²

1698 3895 1785 3978 Post
1837 3999 1848 4010 ι

478 4091 1107 4252 riiifffiiim'riffiffi
1148 4091 1618 4320 saiiirriflililii‘ia'il
1628 4099 1794 4246 clirici}

478 4253 709 4330 lentrmdixit‚
735 4255 1033 4321 accessuros
1049 4253 1108 4316 cd·
1159 4273 1210 4320 rto
1226 4259 1298 4321 tolle
1324 4301 1334 4323 .
1356 4255 1428 4323 Vol.
1442 4257 1503 4324 Vs.
1745 4312 1751 4331 ,

480 4335 615 4412 count,
634 4336 764 4407 inach.
1173 4336 1256 4418 ³01)
1275 4333 1472 4422 mant
1486 4339 1691 4422 Uipsan
