4094 5262
476 414 526 486 88
652 411 960 476 ,DESCRH'HO
979 411 1193 470 ΑΗΔΤΟΜ.
1212 410 1351 473 ocvu
1375 411 1571 472 HVHMH

1045 591 1078 696 §.
1131 597 1194 676 VI.

541 739 655 837 Num
668 741 744 836 iris
762 744 820 834 ad
831 759 972 832 motum
985 743 1385 974 aljiiffmffifflfilffl
1412 771 1509 834 vera
1530 739 1727 839 chornidis

930 879 934 887 ’
1040 883 1090 946 ror
1115 884 1175 972 po
1199 887 1243 945 t.
1465 925 1476 962 -,
1574 961 1578 966 ,

589 1025 648 1101 Εκ
661 1021 747 1098 data
761 1019 833 1098 hac
849 1020 950 1098 iridis
958 1019 1207 1118 descriptione
1221 1017 1361 1116 optime
1384 1017 1505 1116 colligi
1518 1020 1616 1120 polle
1630 1022 1786 1112 vidant,

361 1153 365 1164 ·
474 1149 549 1227 qua
568 1125 712 1202 ratione
727 1124 790 1201 iris
807 1145 969 1221 propago
984 1121 1168 1198 chornidis
1189 1122 1260 1197 dici
1276 1119 1389 1220 p'olirt.
1448 1121 1509 1199 Ab
1538 1125 1789 1222 antiquiffim'n

475 1241 603 1306 autem
618 1227 694 1318 iam
708 1226 936 1324 temporibus
967 1249 1011 1300 ea
1035 1223 1192 1300 inualuit
1216 1222 1360 1322 opinio,
1385 1243 1472 1300 cum
1493 1225 1582 1302 olim
1607 1226 1683 1302 iain
1708 1229 1791 1306 Ru·-

476 1351 563 1412 nvs
593 1326 913 1424 Eerrnsrvs.(l)
946 1327 1126 1413 traderet,
1159 1325 1415 1402 membranam
1444 1327 1543 1402 oculi
1568 1325 1788 1420 secundam,
1882 1347 1887 1356 ’

474 1455 613 1530 nempe
641 1431 873 1514 mercidem,
900 1451 1058 1506 corneae
1085 1447 1291 1517 annexam,
1316 1427 1478 1504 mediam
1508 1427 1714 1518 debiscere,
1747 1429 1786 1508 dc

410 1531 414 1547 '
476 1531 1062 1630 orbiculariforamineperferari.
1114 1533 1195 1608 Nec
1210 1531 1281 1607 alia
1297 1531 1409 1606 docet
1422 1531 1788 1622 Vnsanrvsfflar»

468 1649 664 1723 coprus,
691 1634 729 1712 dr
744 1655 876 1710 omnes
890 1634 970 1710 l'ere
985 1634 1215 1722 Anatcmici,
1243 1633 1307 1732 qui
1327 1632 1406 1732 post
1427 1631 1512 1710 illoc
1532 1634 1721 1722 vixerunt,
1748 1635 1789 1710 in

473 1765 522 1820 oo
542 1737 794 1822 consentiunt,
820 1737 1034 1814 choroidem
1049 1737 1087 1814 in
1103 1736 1233 1812 iridem
1248 1736 1486 1831 degenerare.
1540 1735 1695 1814 Plurimi
1720 1735 1796 1828 de»,

422 1919 425 1930 Α
470 1865 580 1924 rnum
592 1836 859 1923 recentiorum,
890 1840 989 1938 quia
1004 1841 1246 1916 Rvuscrrro
1264 1837 1450 1938 duplicem
1470 1836 1655 1915 choroidis
1666 1859 1788 1915 mem·

473 1945 628 2023 branam
643 1951 885 2039 receperunt,
913 1941 1242 2042 opinionemillam
1257 1965 1303 2016 eo
1318 1961 1435 2038 usque
1446 1955 1652 2032 ornarunt,
1677 1953 1719 2018 vt
1732 1941 1781 2016 la*

383 2099 390 2112 .
470 2046 615 2126 minam
638 2041 862 2119 exteriorem
883 2042 923 2118 in
950 2043 1100 2130 iridem,
1127 2041 1340 2120 interiorem
1367 2043 1407 2119 in
1432 2041 1616 2142 procellos
1642 2043 1786 2120 ciliaree

472 2148 576 2226 abire
595 2143 823 2252 perturbarat
876 2143 947 2226 un
969 2158 1096 2224 autem
1119 2166 1235 2224 unum
1262 2156 1329 2224 aut
1354 2145 1513 2224 alterum
1541 2143 1787 2245 deprehendi·

472 2271 579 2334 mus,
605 2247 669 2350 qul
692 2248 922 2326 acommuni
943 2247 1118 2348 opinione
1139 2247 1314 2326 recedere
1341 2268 1418 2328 non
1444 2248 1687 2332 dubitaueritt
1714 2243 1790 2325 Oov'

473 2353 588 2432 currit
608 2363 735 2428 tamen
758 2349 856 2428 inter
870 2362 1018 2429 veteres
1043 2353 1118 2430 iam
1139 2353 1381 2432 Rrorauvs
1397 2352 1485 2446 (m),
1513 2352 1580 2454 qui
1604 2349 1786 2428 ambitum
1870 2429 1874 2440 ,

501 2455 635 2556 upillae
658 2451 860 2530 dillinflam
883 2451 954 2530 else
976 2453 1233 2534 membranam
1255 2453 1301 2534 ab
1320 2477 1415 2532 vuea
1441 2453 1577 2543 credit,
1613 2475 1701 2531 cum
1719 2451 1786 2529 bae

471 2481 561 2636 beat
577 2555 688 2634 libras
703 2553 908 2656 peculiares
923 2555 961 2640 ἀ
974 2569 1121 2634 motum
1136 2581 1285 2658 quoque
1296 2557 1507 2654 proprium,
1534 2556 1573 2634 dt
1587 2556 1709 2632 nostro
1724 2573 1787 2632 aa·-

472 2663 741 2738 uoPaavcca
761 2658 838 2750 (u),
865 2659 1181 2735 continuationem
1202 2657 1389 2735 chornidis
1415 2657 1454 2732 in
1479 2657 1785 2732 iridemdubiabl

347 2765 358 2776 ‘
473 2761 537 2838 fibi
552 2760 667 2837 videri
684 2759 839 2848 fatetur,
866 2781 952 2836 cum
974 2759 1037 2837 iris
1057 2781 1128 2836 neo
1151 2757 1370 2835 soliditatem
1391 2779 1463 2834 nec
1480 2756 1674 2835 oralirtiem
1695 2750 1785 2834 cboss

407 2855 413 2870 ’
474 2863 587 2943 roidis
606 2862 752 2953 babeat.
807 2863 858 2942 Et
877 2875 979 2938 certe
1000 2861 1074 2960 lpse
1098 2861 1176 2938 sere
1198 2858 1433 2960 persuadeor,
1464 2859 1596 2938 iridem
1622 2857 1785 2938 laminae

472 2967 660 3045 chornidis
677 2963 869 3044 exterioris
884 2963 1123 3064 propaginem
1140 2963 1212 3040 dlci
1226 2963 1329 3041 nullo
1344 2963 1455 3040 modo
1469 2960 1579 3062 posse,
1606 2983 1691 3038 curn
1706 2979 1785 3039 non

473 3069 590 3148 folum
607 3067 790 3146 orbiculus
805 3067 937 3146 callario
951 3065 1147 3143 cellulolus
1164 3063 1397 3166 interpositus
1415 3065 1545 3144 itidem
1566 3063 1612 3148 ab
1626 3063 1786 3142 illa-lon·
1842 3159 1850 3168 ¹

475 3196 524 3269 ge
540 3171 707 3260 dirimat,
734 3167 795 3246 sed
811 3169 924 3247 etiam
938 3167 1051 3244 facies
1066 3169 1227 3246 anterior
1240 3170 1342 3246 iridis
1360 3167 1484 3246 villosa
1505 3165 1685 3246 diuersam
1708 3166 1785 3266 pla·

473 3299 523 3350 ne
539 3298 560 3349 a
575 3273 713 3348 lamina
728 3271 899 3348 exteriori
919 3255 1102 3356 chornidis
1116 3269 1292 3348 fabricam
1312 3271 1420 3348 l'acile
1437 3272 1576 3368 prodat.
1628 3267 1704 3347 Nili
1718 3291 1784 3346 au·

472 3390 552 3454 tem
566 3375 697 3452 iridem
716 3396 782 3471 pre
808 3371 952 3450 riam&
971 3397 991 3448 a
1009 3373 1183 3450 choroide
1207 3375 1317 3472 plane
1339 3371 1519 3449 diuersam
1541 3369 1706 3453 tunicam
1729 3370 1785 3445 di·

472 3501 561 3661 aa
582 3398 1046 3658 turrium
1059 3476 1322 3680 ,tauma
1344 3473 1704 3654 lauaem
1721 3471 1784 3652 l:

343 3735 346 3744 2
470 3667 602 3759 malas
618 3679 815 3777 agnoscere
829 3677 966 3756 lubeat.

595 3937 639 3961 .,
859 3965 864 3978 ,
1559 3913 1785 4043 *0⁰04

327 4104 331 4113 1
469 4137 554 4308 lb?
588 4133 638 4205 Ψ
652 4154 735 4219 W·
751 4135 836 4208 Μ·
857 4145 940 4222 Μ·
957 4139 1102 4226 wila*-
1150 4195 1160 4227 ,.
1186 4139 1346 4224 (oliba.
1367 4141 1418 4210 cil.
1432 4158 1529 4224 pra·

508 4295 528 4380 l

561 4215 650 4300 lo

631 4317 650 4364 n

526 4235 1101 4410 fllfliffimbiqffllbvlnr
1145 4364 1155 4396 ¹.
1191 4301 1338 4412 (0)Εῶ
1355 4311 1577 4416 miffldll·
1652 4353 1657 4373 ι
1693 4380 1698 4390 ,
1758 4267 1777 4384 .'.
