4094 5262
463 472 514 570 7⁶
657 485 941 570 pernarrare
967 477 1181 544 noanon,
1206 479 1346 550 onear
1375 429 1583 549 terrm

1030 695 1065 794 t.
1118 702 1184 784 ur.

663 917 840 1015 Fabrica
863 915 1016 1034 striata
1046 919 1164 1016 iridis
1185 919 1235 1018 ⁸ia
1265 923 1376 1018 oculo
1406 922 1563 1020 recenti.
1647 931 1652 938 '

583 1137 878 1224 Pulcherrimum
892 1153 1018 1222 autem
1043 1145 1161 1236 oritur
1175 1141 1417 1250 spectaculum
1427 1145 1486 1238 ,si
1506 1145 1609 1226 iridis
1632 1143 1768 1225 saciem

465 1246 684 1328 anteriorem
703 1244 741 1318 in
756 1243 865 1320 oculo
879 1249 1019 1326 recenti
1031 1250 1154 1341 lente,
1181 1275 1278 1352 quae
1303 1251 1443 1330 obieeta
1467 1252 1529 1330 ves
1554 1247 1686 1352 parurn
1701 1273 1767 1327 au·

462 1363 546 1452 get,
577 1347 783 1424 accuratius
819 1345 1064 1449 inspiciamus.
1142 1357 1191 1434 1n'
1211 1357 1349 1433 annulo
1377 1355 1477 1431 enim
1503 1355 1634 1434 maiori
1657 1375 1767 1451 appas

461 1465 549 1535 rent
571 1449 685 1526 fibrae
710 1450 948 1556 innumerae,
981 1453 1102 1552 mag'u
1131 1459 1332 1558 minusque
1364 1459 1508 1534 albidae
1532 1452 1570 1534 dr
1596 1455 1766 1554 gryseae.

464 1553 557 1634 aliae
577 1553 755 1634 maiores,
780 1577 877 1654 quae
903 1557 1123 1658 plerumque
1150 1559 1272 1656 magis
1303 1561 1501 1648 candidae,
1525 1561 1618 1636 aliae
1648 1556 1767 1632 mino-¹

335 1723 340 1736 ,
462 1679 523 1738 res
545 1653 584 1734 dr
610 1661 820 1741 tenuiores,
854 1659 1052 1759 minusque
1078 1660 1185 1738 diluti
1210 1662 1361 1748 coloris,
1394 1683 1527 1738 omnes
1552 1657 1764 1759 parallelae,

463 1761 501 1840 da
526 1756 730 1834 denfissrmo
748 1758 878 1836 ordine
892 1758 956 1834 sibi
974 1761 1176 1862 appositae,
1199 1777 1241 1838 vt
1260 1764 1384 1862 plures
1404 1766 1567 1861 recipere
1588 1781 1664 1842 non
1687 1755 1768 1858 pos<

462 1859 500 1937 se
526 1861 709 1936 videatur.
787 1855 847 1934 Ab
867 1859 943 1958 ipso
967 1887 1056 1958 ergo
1083 1863 1223 1942 ambitu
1252 1863 1424 1942 exteriori
1438 1863 1539 1942 iridis
1561 1859 1687 1937 versus
1702 1883 1768 1935 au·

386 1963 411 2017 ⁴³
462 1962 592 2041 nulum
616 1961 800 2036 minorem
820 1979 1073 2059 conuergunt,
1096 1962 1303 2062 serpentino
1331 1965 1431 2042 flexu
1455 1964 1694 2052 incedentes,
1720 1983 1767 2036 eo

460 2063 662 2144 maioribus
683 2059 920 2146 flexionibus,
945 2089 1018 2164 quo
1034 2064 1096 2142 iris
1118 2067 1304 2164 angustior
1324 2067 1362 2146 dr
1384 2067 1520 2168 pupilla
1543 2059 1770 2166 ampliorsu·

463 2167 552 2271 erit,
577 2163 775 2242 eominus
801 2161 938 2254 flexae,
967 2169 1162 2267 magisque
1188 2169 1236 2246 ad
1258 2169 1397 2248 lineam
1424 2164 1563 2246 restam
1588 2161 1769 2244 acceden-

462 2284 539 2360 tes,
566 2291 641 2368 quo
667 2265 804 2365 pupilla
831 2265 955 2348 minor
979 2269 1017 2350 &
1040 2270 1104 2348 iris
1138 2272 1248 2350 latior
1270 2269 1394 2354 suerit.
1471 2268 1543 2352 Vbi
1567 2281 1695 2352 autem
1720 2261 1769 2342 ad

463 2369 658 2458 romulam,
692 2389 789 2466 quae
814 2370 991 2468 pupillam
1020 2365 1192 2472 'proxime
1219 2373 1354 2462 ambit,
1396 2367 1473 2451 siue
1507 2373 1556 2450 ad
1587 2367 1769 2472 annulum

462 2474 646 2552 minorem
672 2482 829 2548 ventum
855 2471 925 2560 esi,
945 2473 1060 2554 fibrae
1082 2478 1243 2554 maiores
1264 2475 1369 2576 saepe
1390 2477 1430 2554 in
1450 2475 1546 2554 duas
1569 2493 1692 2553 muros
1705 2465 1769 2546 ab·

305 2587 325 2603 ‘
463 2577 518 2654 ire
545 2571 738 2662 videntur,
774 2572 838 2670 qui
865 2573 914 2649 ad
940 2578 1120 2670 angulum
1137 2575 1222 2657 satis
1242 2577 1412 2670 obtusum
1435 2577 1644 2663 discedunt,
1672 2591 1768 2668 non·¹

324 2725 325 2730 Ν
463 2675 568 2760 nulla
591 2673 736 2753 vascula
761 2675 923 2758 minora,
953 2673 1050 2752 binis
1081 2675 1282 2754 maioribus
1316 2674 1545 2776 interposta,
1569 2673 1770 2778 praeterle-

464 2791 560 2880 gunt
583 2776 621 2857 δι
642 2774 847 2863 decussant,
866 2791 908 2854 vt
932 2775 1048 2856 subito
1072 2775 1234 2856 inflexae
1254 2778 1355 2856 fibris
1378 2775 1574 2869 similibus,
1600 2799 1695 2878 quae
1710 2771 1772 2850 iti·

463 2885 552 2959 dem
582 2878 793 2958 fasciculum
816 2876 992 2958 fibrarum
1014 2879 1226 2958 tenuiorum
1242 2879 1434 2980 superant,
1452 2905 1541 2960 arcu
1563 2876 1769 2973 seresatio,

463 2989 531 3064 'aut
555 2981 679 3082 potius
704 2983 751 3060 ad
784 2981 965 3080 anguium
988 2996 1140 3060 acutum
1163 2996 1456 3080 conuergentes,
1481 2996 1697 3072 occurrant,
1729 2977 1770 3058 dr

462 3087 647 3168 uniantur.
725 3081 924 3166 Afflmrare
952 3097 1079 3162 tamen
1108 3107 1185 3162 uon
1221 3083 1355 3172 aufim,
1389 3086 1428 3164 in
1460 3086 1635 3164 omnibus
1666 3080 1769 3162 nnus

460 3187 675 3269 ‘maiusculis
699 3187 793 3270 illud
822 3187 1057 3288 contingere.
1079 3199 1121 3266 vt
1149 3187 1225 3266 sine
1248 3187 1428 3267 bistucato
1449 3187 1489 3266 in
1520 3189 1615 3266 duos
1643 3203 1769 3264 ramos

463 3293 618 3379 abeant,
650 3289 712 3367 sed
739 3289 846 3389 saepe
868 3287 1031 3385 srngulae
1056 3289 1170 3367 fibrae
1197 3303 1262 3368 aut
1284 3291 1393 3368 binae
1414 3290 1573 3368 maiores
1600 3289 1663 3368 srbi
1685 3311 1769 3388 pro·

348 3401 361 3433 ·'
465 3395 566 3472 xime
594 3392 801 3473 vicinae&
829 3393 1027 3494 parallelae
1049 3393 1280 3470 dextrorsum
1311 3399 1378 3470 adt
1404 3390 1638 3471 srnistrorfum
1661 3390 1769 3489 super

465 3495 604 3576 vicinas
619 3495 877 3589 tenuioresad
901 3520 1005 3574 oram
1027 3495 1154 3574 annuli
1180 3495 1333 3572 minoris
1357 3494 1544 3586 seruntur,
1570 3495 1609 3575 dr
1634 3493 1769 3592 fimpli·

461 3601 500 3676 ei
528 3597 718 3677 nunno&
743 3595 895 3674 indiuiso
915 3595 967 3674 sni
992 3596 1167 3676 fimitibus
1186 3601 1479 3690 occurruntso).
1556 3599 1773 3680 Fibraeau·.

463 3711 543 3780 tem
571 3700 759 3777 tenuiores
780 3697 875 3776 binis
896 3700 1095 3779 maioribus
1115 3697 1349 3800 interpositae
1363 3699 1427 3778 sub
1440 3701 1631 3780 trunculos
1653 3701 1769 3798 maio-

293 3809 300 3844 ·
463 3827 523 3882 res
544 3801 593 3878 ad
608 3802 832 3880 alterutrum
852 3801 952 3880 latus
976 3798 1141 3880 deflexos
1158 3797 1194 3878 se
1211 3803 1429 3900 demergere
1456 3802 1555 3880 &ex
1574 3801 1769 3902 conspetiu

462 3905 664 3984 subducere
685 3903 722 3980 se
749 3905 932 3982 videntur.
1011 3905 1084 3982 Hie
1107 3903 1237 3983 &illie
1256 3919 1383 3984 antem
1404 3903 1502 3982 inter
1520 3903 1632 3980 fibras
1651 3905 1770 3984 mai02

461 4033 523 4088 res
549 4007 587 4088 dr
608 4007 772 4088 minores
792 4007 1013 4110 relinquitur
1034 4005 1275 4088 interuallum
1295 4004 1519 4088 nmmuorir
1537 4003 1772 4203 semperloiiz,
1825 4086 1833 4102 ,

466 4309 985 4472 ὴὲῗιέἓέἓῗεῷῗὲἔῗὲῗὲ.
1038 4329 1098 4472 :tt
1137 4312 1641 4402 “*⁸⁸“‘“·¹⁷⁴¹·'·³'‘
