<?xml version="1.0" encoding="UTF-8"?>
<!DOCTYPE html PUBLIC "-//W3C//DTD XHTML 1.0 Transitional//EN"
    "http://www.w3.org/TR/xhtml1/DTD/xhtml1-transitional.dtd">
<html xmlns="http://www.w3.org/1999/xhtml" xml:lang="en" lang="en">
 <head>
  <title>
</title>
<meta http-equiv="Content-Type" content="text/html;charset=utf-8" />
  <meta name='ocr-system' content='tesseract 3.04.00' />
  <meta name='ocr-capabilities' content='ocr_page ocr_carea ocr_par ocr_line ocrx_word'/>
</head>
<body>
  <div class='ocr_page' id='page_1' title='image "./iohannisgottfri00zinngoog_0216.png"; bbox 0 0 4084 5256; ppageno 0'>
   <div class='ocr_carea' id='block_1_1' title="bbox 498 461 1600 582">
    <p class='ocr_par' dir='ltr' id='par_1_1' title="bbox 498 461 1600 582">
     <span class='ocr_line' id='line_1_1' title="bbox 498 461 1600 582; baseline 0.005 -27"><span class='ocrx_word' id='word_1_1' title='bbox 498 514 527 549; x_wconf 62' lang='grc' dir='ltr'><strong>ι,</strong></span> <span class='ocrx_word' id='word_1_2' title='bbox 550 503 565 552; x_wconf 92' lang='grc'><strong>.·</strong></span> <span class='ocrx_word' id='word_1_3' title='bbox 587 473 687 556; x_wconf 66' lang='lat' dir='ltr'><strong>aen</strong></span> <span class='ocrx_word' id='word_1_4' title='bbox 710 469 757 553; x_wconf 75' lang='lat' dir='ltr'><strong>ad</strong></span> <span class='ocrx_word' id='word_1_5' title='bbox 797 461 1109 556; x_wconf 65' lang='lat' dir='ltr'><strong>na&#39;fflrrnue</strong></span> <span class='ocrx_word' id='word_1_6' title='bbox 1137 496 1291 560; x_wconf 72' lang='lat' dir='ltr'><strong>nevar.</strong></span> <span class='ocrx_word' id='word_1_7' title='bbox 1376 509 1383 553; x_wconf 75' lang='grc' dir='ltr'><em>ι</em></span> <span class='ocrx_word' id='word_1_8' title='bbox 1521 497 1600 582; x_wconf 75' lang='lat' dir='ltr'><strong>aps</strong></span> 
     </span>
    </p>
   </div>
   <div class='ocr_carea' id='block_1_2' title="bbox 265 677 1635 1604">
    <p class='ocr_par' dir='ltr' id='par_1_2' title="bbox 265 677 1635 1604">
     <span class='ocr_line' id='line_1_2' title="bbox 415 677 1595 788; baseline 0.007 -28"><span class='ocrx_word' id='word_1_9' title='bbox 415 677 461 760; x_wconf 89' lang='lat' dir='ltr'><strong>ln</strong></span> <span class='ocrx_word' id='word_1_10' title='bbox 474 679 591 761; x_wconf 84' lang='lat' dir='ltr'><strong>altero</strong></span> <span class='ocrx_word' id='word_1_11' title='bbox 607 681 727 762; x_wconf 89' lang='lat' dir='ltr'><strong>oculo.</strong></span> <span class='ocrx_word' id='word_1_12' title='bbox 781 679 1059 783; x_wconf 80' lang='lat' dir='ltr'><strong>Ophtlralmlca,</strong></span> <span class='ocrx_word' id='word_1_13' title='bbox 1087 707 1199 786; x_wconf 84' lang='lat' dir='ltr'><strong>quam</strong></span> <span class='ocrx_word' id='word_1_14' title='bbox 1215 684 1378 788; x_wconf 83' lang='lat' dir='ltr'><strong>primum</strong></span> <span class='ocrx_word' id='word_1_15' title='bbox 1392 680 1457 766; x_wconf 81' lang='lat' dir='ltr'><strong>sub</strong></span> <span class='ocrx_word' id='word_1_16' title='bbox 1476 709 1595 768; x_wconf 85' lang='lat' dir='ltr'><strong>neruo</strong></span> 
     </span>
     <span class='ocr_line' id='line_1_3' title="bbox 271 779 1599 882; baseline 0.005 -18"><span class='ocrx_word' id='word_1_17' title='bbox 271 779 315 864; x_wconf 86' lang='lat' dir='ltr'><strong>ln</strong></span> <span class='ocrx_word' id='word_1_18' title='bbox 330 781 488 862; x_wconf 84' lang='lat' dir='ltr'><strong>orbitam</strong></span> <span class='ocrx_word' id='word_1_19' title='bbox 501 784 625 878; x_wconf 85' lang='lat' dir='ltr'><strong>venit,</strong></span> <span class='ocrx_word' id='word_1_20' title='bbox 658 783 776 864; x_wconf 84' lang='lat' dir='ltr'>edidit</span> <span class='ocrx_word' id='word_1_21' title='bbox 797 784 1044 866; x_wconf 67' lang='lat' dir='ltr'><strong>monumen</strong></span> <span class='ocrx_word' id='word_1_22' title='bbox 1071 785 1302 882; x_wconf 83' lang='lat' dir='ltr'><strong>inferiorern,</strong></span> <span class='ocrx_word' id='word_1_23' title='bbox 1327 799 1461 870; x_wconf 84' lang='lat' dir='ltr'><strong>trunco</strong></span> <span class='ocrx_word' id='word_1_24' title='bbox 1486 789 1599 870; x_wconf 87' lang='lat' dir='ltr'><strong>dimi·</strong></span> 
     </span>
     <span class='ocr_line' id='line_1_4' title="bbox 270 887 1598 994; baseline 0.008 -30"><span class='ocrx_word' id='word_1_25' title='bbox 270 887 427 990; x_wconf 23' lang='lat' dir='ltr'><strong>dio-fere</strong></span> <span class='ocrx_word' id='word_1_26' title='bbox 441 887 656 991; x_wconf 64' lang='lat' dir='ltr'><strong>aequalem,</strong></span> <span class='ocrx_word' id='word_1_27' title='bbox 680 887 779 966; x_wconf 85' lang='lat' dir='ltr'><strong>vnde</strong></span> <span class='ocrx_word' id='word_1_28' title='bbox 792 897 901 967; x_wconf 89' lang='lat' dir='ltr'><strong>natae</strong></span> <span class='ocrx_word' id='word_1_29' title='bbox 917 890 1089 978; x_wconf 86' lang='lat' dir='ltr'><strong>fuerunt,</strong></span> <span class='ocrx_word' id='word_1_30' title='bbox 1111 893 1275 992; x_wconf 88' lang='lat' dir='ltr'><strong>primum</strong></span> <span class='ocrx_word' id='word_1_31' title='bbox 1298 893 1489 988; x_wconf 75' lang='lat' dir='ltr'><strong>centralis,</strong></span> <span class='ocrx_word' id='word_1_32' title='bbox 1516 893 1598 994; x_wconf 82' lang='lat' dir='ltr'><strong>post</strong></span> 
     </span>
     <span class='ocr_line' id='line_1_5' title="bbox 268 979 1598 1090; baseline 0.005 -22"><span class='ocrx_word' id='word_1_33' title='bbox 268 979 374 1090; x_wconf 70' lang='lat' dir='ltr'><strong>illam</strong></span> <span class='ocrx_word' id='word_1_34' title='bbox 389 989 524 1088; x_wconf 85' lang='lat' dir='ltr'><strong>clliaris</strong></span> <span class='ocrx_word' id='word_1_35' title='bbox 537 988 687 1069; x_wconf 78' lang='lat' dir='ltr'><strong>inferior</strong></span> <span class='ocrx_word' id='word_1_36' title='bbox 702 992 875 1086; x_wconf 84' lang='lat' dir='ltr'><strong>interior,¹</strong></span> <span class='ocrx_word' id='word_1_37' title='bbox 897 993 1005 1071; x_wconf 82' lang='lat' dir='ltr'><strong>&#39;rami</strong></span> <span class='ocrx_word' id='word_1_38' title='bbox 1027 994 1074 1069; x_wconf 82' lang='lat' dir='ltr'><strong>ad</strong></span> <span class='ocrx_word' id='word_1_39' title='bbox 1095 995 1303 1074; x_wconf 69' lang='lat' dir='ltr'><strong>mustulum</strong></span> <span class='ocrx_word' id='word_1_40' title='bbox 1324 997 1598 1090; x_wconf 78' lang='lat' dir='ltr'><strong>adducentem,</strong></span> 
     </span>
     <span class='ocr_line' id='line_1_6' title="bbox 269 1090 1603 1200; baseline 0.004 -30"><span class='ocrx_word' id='word_1_41' title='bbox 269 1091 312 1170; x_wconf 71' lang='lat' dir='ltr'><strong>dr</strong></span> <span class='ocrx_word' id='word_1_42' title='bbox 327 1091 598 1191; x_wconf 77' lang='lat' dir='ltr'><strong>deptirnentern</strong></span> <span class='ocrx_word' id='word_1_43' title='bbox 615 1094 836 1193; x_wconf 73' lang='lat' dir='ltr'><strong>&amp;deniqne</strong></span> <span class='ocrx_word' id='word_1_44' title='bbox 858 1095 906 1173; x_wconf 84' lang='lat' dir='ltr'><strong>ed</strong></span> <span class='ocrx_word' id='word_1_45' title='bbox 927 1090 1135 1173; x_wconf 84' lang='lat' dir='ltr'><strong>musculum</strong></span> <span class='ocrx_word' id='word_1_46' title='bbox 1158 1099 1350 1200; x_wconf 83' lang='lat' dir='ltr'><strong>obliquum</strong></span> <span class='ocrx_word' id='word_1_47' title='bbox 1369 1098 1603 1178; x_wconf 67' lang='lat' dir='ltr'><strong>inferiorern·</strong></span> 
     </span>
     <span class='ocr_line' id='line_1_7' title="bbox 268 1193 1599 1298; baseline 0.003 -24"><span class='ocrx_word' id='word_1_48' title='bbox 268 1193 470 1274; x_wconf 74' lang='lat' dir='ltr'><strong>Muscunn</strong></span> <span class='ocrx_word' id='word_1_49' title='bbox 483 1197 546 1274; x_wconf 89' lang='lat' dir='ltr'><strong>illa</strong></span> <span class='ocrx_word' id='word_1_50' title='bbox 560 1195 723 1275; x_wconf 84' lang='lat' dir='ltr'><strong>inferiori</strong></span> <span class='ocrx_word' id='word_1_51' title='bbox 737 1198 858 1296; x_wconf 83' lang='lat' dir='ltr'><strong>edita,</strong></span> <span class='ocrx_word' id='word_1_52' title='bbox 884 1207 1038 1275; x_wconf 76' lang='lat' dir='ltr'><strong>nnnous</strong></span> <span class='ocrx_word' id='word_1_53' title='bbox 1060 1199 1334 1298; x_wconf 84' lang='lat' dir='ltr'><strong>ophthalmicae</strong></span> <span class='ocrx_word' id='word_1_54' title='bbox 1357 1199 1503 1279; x_wconf 80' lang='lat' dir='ltr'><strong>iunttus</strong></span> <span class='ocrx_word' id='word_1_55' title='bbox 1525 1201 1599 1280; x_wconf 83' lang='lat' dir='ltr'><strong>fuit</strong></span> 
     </span>
     <span class='ocr_line' id='line_1_8' title="bbox 269 1295 1598 1404; baseline 0.004 -31"><span class='ocrx_word' id='word_1_56' title='bbox 269 1295 487 1388; x_wconf 78' lang='lat' dir='ltr'><strong>anastomosr</strong></span> <span class='ocrx_word' id='word_1_57' title='bbox 502 1297 555 1376; x_wconf 83' lang='lat' dir='ltr'><strong>lat</strong></span> <span class='ocrx_word' id='word_1_58' title='bbox 568 1321 706 1397; x_wconf 86' lang='lat' dir='ltr'><strong>magna</strong></span> <span class='ocrx_word' id='word_1_59' title='bbox 722 1301 957 1376; x_wconf 79' lang='lat' dir='ltr'><strong>curnarterla</strong></span> <span class='ocrx_word' id='word_1_60' title='bbox 980 1299 1097 1378; x_wconf 84' lang='lat' dir='ltr'><strong>altera</strong></span> <span class='ocrx_word' id='word_1_61' title='bbox 1105 1301 1319 1392; x_wconf 84' lang='lat' dir='ltr'><strong>accelloria,</strong></span> <span class='ocrx_word' id='word_1_62' title='bbox 1347 1325 1444 1404; x_wconf 83' lang='lat' dir='ltr'><strong>quae</strong></span> <span class='ocrx_word' id='word_1_63' title='bbox 1464 1327 1598 1404; x_wconf 84' lang='lat' dir='ltr'><strong>propa·</strong></span> 
     </span>
     <span class='ocr_line' id='line_1_9' title="bbox 268 1401 1599 1509; baseline 0.006 -35"><span class='ocrx_word' id='word_1_64' title='bbox 268 1420 322 1495; x_wconf 84' lang='lat' dir='ltr'><strong>go</strong></span> <span class='ocrx_word' id='word_1_65' title='bbox 339 1401 494 1478; x_wconf 75' lang='lat' dir='ltr'><strong>arteriae</strong></span> <span class='ocrx_word' id='word_1_66' title='bbox 509 1403 730 1498; x_wconf 85' lang='lat' dir='ltr'><strong>meningeae</strong></span> <span class='ocrx_word' id='word_1_67' title='bbox 744 1411 950 1509; x_wconf 68' lang='lat' dir='ltr'><strong>eunr&#39;ramp</strong></span> <span class='ocrx_word' id='word_1_68' title='bbox 966 1401 1086 1500; x_wconf 83' lang='lat' dir='ltr'><strong>primo</strong></span> <span class='ocrx_word' id='word_1_69' title='bbox 1101 1401 1207 1480; x_wconf 89' lang='lat' dir='ltr'><strong>nernl</strong></span> <span class='ocrx_word' id='word_1_70' title='bbox 1221 1406 1341 1503; x_wconf 85' lang='lat' dir='ltr'><strong>quinti</strong></span> <span class='ocrx_word' id='word_1_71' title='bbox 1365 1406 1462 1504; x_wconf 76' lang='lat' dir='ltr'><strong>pens</strong></span> <span class='ocrx_word' id='word_1_72' title='bbox 1484 1405 1599 1483; x_wconf 73' lang='lat' dir='ltr'><strong>allata</strong></span> 
     </span>
     <span class='ocr_line' id='line_1_10' title="bbox 265 1501 1635 1604; baseline 0.008 -26"><span class='ocrx_word' id='word_1_73' title='bbox 265 1501 362 1592; x_wconf 71' lang='lat' dir='ltr'><strong>trit,</strong></span> <span class='ocrx_word' id='word_1_74' title='bbox 389 1505 518 1580; x_wconf 80' lang='lat' dir='ltr'><strong>nlnltin</strong></span> <span class='ocrx_word' id='word_1_75' title='bbox 537 1505 577 1580; x_wconf 93' lang='lat' dir='ltr'><strong>ln</strong></span> <span class='ocrx_word' id='word_1_76' title='bbox 592 1505 832 1604; x_wconf 70' lang='lat' dir='ltr'><strong>dtinere‘per·</strong></span> <span class='ocrx_word' id='word_1_77' title='bbox 854 1505 1124 1602; x_wconf 73' lang='lat' dir='ltr'><strong>nupttoatnranr</strong></span> <span class='ocrx_word' id='word_1_78' title='bbox 1149 1505 1266 1582; x_wconf 81' lang='lat' dir='ltr'><strong>dtrtae</strong></span> <span class='ocrx_word' id='word_1_79' title='bbox 1290 1505 1420 1584; x_wconf 83' lang='lat' dir='ltr'><strong>matris</strong></span> <span class='ocrx_word' id='word_1_80' title='bbox 1445 1503 1599 1584; x_wconf 72' lang='lat' dir='ltr'><strong>lincolie</strong></span> <span class='ocrx_word' id='word_1_81' title='bbox 1627 1569 1635 1589; x_wconf 86' lang='lat'><em>.</em></span> 
     </span>
    </p>
   </div>
   <div class='ocr_carea' id='block_1_3' title="bbox 267 1603 1760 1707">
    <p class='ocr_par' dir='ltr' id='par_1_3' title="bbox 267 1603 1760 1707">
     <span class='ocr_line' id='line_1_11' title="bbox 267 1603 1760 1707; baseline 0.005 -27"><span class='ocrx_word' id='word_1_82' title='bbox 267 1603 424 1692; x_wconf 60' lang='lat' dir='ltr'><strong>enters,</strong></span> <span class='ocrx_word' id='word_1_83' title='bbox 452 1606 499 1682; x_wconf 83' lang='lat' dir='ltr'><strong>ad</strong></span> <span class='ocrx_word' id='word_1_84' title='bbox 515 1605 704 1684; x_wconf 77' lang='lat' dir='ltr'><strong>nelnoein</strong></span> <span class='ocrx_word' id='word_1_85' title='bbox 719 1603 872 1684; x_wconf 82' lang='lat' dir='ltr'><strong>tranfitu</strong></span> <span class='ocrx_word' id='word_1_86' title='bbox 886 1607 950 1684; x_wconf 91' lang='lat' dir='ltr'><strong>illo</strong></span> <span class='ocrx_word' id='word_1_87' title='bbox 964 1605 1121 1696; x_wconf 65' lang='lat' dir='ltr'><strong>vicinos,</strong></span> <span class='ocrx_word' id='word_1_88' title='bbox 1142 1609 1348 1707; x_wconf 82' lang='lat' dir='ltr'><strong>duramque</strong></span> <span class='ocrx_word' id='word_1_89' title='bbox 1364 1607 1596 1705; x_wconf 79' lang='lat' dir='ltr'><strong>meningen.</strong></span> <span class='ocrx_word' id='word_1_90' title='bbox 1755 1625 1760 1633; x_wconf 92' lang='grc'><strong><em>’</em></strong></span> 
     </span>
    </p>
   </div>
   <div class='ocr_carea' id='block_1_4' title="bbox 264 1695 1596 1808">
    <p class='ocr_par' dir='ltr' id='par_1_4' title="bbox 264 1695 1596 1808">
     <span class='ocr_line' id='line_1_12' title="bbox 264 1695 1596 1808; baseline 0 -20"><span class='ocrx_word' id='word_1_91' title='bbox 264 1695 500 1788; x_wconf 69' lang='lat' dir='ltr'><strong>Anastomoli</strong></span> <span class='ocrx_word' id='word_1_92' title='bbox 518 1733 605 1786; x_wconf 86' lang='lat' dir='ltr'><strong>cunr</strong></span> <span class='ocrx_word' id='word_1_93' title='bbox 621 1709 755 1786; x_wconf 82' lang='lat' dir='ltr'><strong>arteria</strong></span> <span class='ocrx_word' id='word_1_94' title='bbox 768 1709 831 1785; x_wconf 88' lang='lat' dir='ltr'><strong>illa</strong></span> <span class='ocrx_word' id='word_1_95' title='bbox 845 1709 939 1785; x_wconf 80' lang='lat' dir='ltr'><strong>fatte</strong></span> <span class='ocrx_word' id='word_1_96' title='bbox 952 1721 1106 1786; x_wconf 86' lang='lat' dir='ltr'><strong>truncus</strong></span> <span class='ocrx_word' id='word_1_97' title='bbox 1129 1709 1281 1808; x_wconf 78' lang='lat' dir='ltr'><strong>pra‘ebet</strong></span> <span class='ocrx_word' id='word_1_98' title='bbox 1302 1709 1467 1785; x_wconf 82' lang='lat' dir='ltr'><strong>ciliarenr</strong></span> <span class='ocrx_word' id='word_1_99' title='bbox 1490 1722 1596 1788; x_wconf 83' lang='lat' dir='ltr'><strong>exte·</strong></span> 
     </span>
    </p>
   </div>
   <div class='ocr_carea' id='block_1_5' title="bbox 264 1807 1725 1910">
    <p class='ocr_par' dir='ltr' id='par_1_5' title="bbox 264 1807 1725 1910">
     <span class='ocr_line' id='line_1_13' title="bbox 264 1807 1725 1910; baseline 0.002 -24"><span class='ocrx_word' id='word_1_100' title='bbox 264 1807 407 1886; x_wconf 69' lang='lat' dir='ltr'><strong>florem</strong></span> <span class='ocrx_word' id='word_1_101' title='bbox 425 1809 668 1910; x_wconf 86' lang='lat' dir='ltr'><strong>superiorem,</strong></span> <span class='ocrx_word' id='word_1_102' title='bbox 695 1833 791 1910; x_wconf 83' lang='lat' dir='ltr'><strong>qnae</strong></span> <span class='ocrx_word' id='word_1_103' title='bbox 805 1811 844 1886; x_wconf 87' lang='lat' dir='ltr'><strong>in</strong></span> <span class='ocrx_word' id='word_1_104' title='bbox 858 1809 953 1886; x_wconf 86' lang='lat' dir='ltr'><strong>duos</strong></span> <span class='ocrx_word' id='word_1_105' title='bbox 967 1828 1092 1888; x_wconf 88' lang='lat' dir='ltr'><strong>ramos</strong></span> <span class='ocrx_word' id='word_1_106' title='bbox 1104 1811 1220 1889; x_wconf 87' lang='lat' dir='ltr'><strong>diuisa</strong></span> <span class='ocrx_word' id='word_1_107' title='bbox 1241 1811 1332 1899; x_wconf 85' lang='lat' dir='ltr'><strong>fuit,</strong></span> <span class='ocrx_word' id='word_1_108' title='bbox 1360 1831 1519 1910; x_wconf 83' lang='lat' dir='ltr'><strong>quorum</strong></span> <span class='ocrx_word' id='word_1_109' title='bbox 1543 1811 1597 1889; x_wconf 81' lang='lat' dir='ltr'><strong>el·</strong></span> <span class='ocrx_word' id='word_1_110' title='bbox 1719 1849 1725 1858; x_wconf 57' lang='lat'><strong><em>¹</em></strong></span> 
     </span>
    </p>
   </div>
   <div class='ocr_carea' id='block_1_6' title="bbox 266 1911 1650 2314">
    <p class='ocr_par' dir='ltr' id='par_1_6' title="bbox 266 1911 1650 2314">
     <span class='ocr_line' id='line_1_14' title="bbox 269 1911 1598 2012; baseline 0.002 -25"><span class='ocrx_word' id='word_1_111' title='bbox 269 1917 330 1988; x_wconf 87' lang='lat' dir='ltr'><strong>ter</strong></span> <span class='ocrx_word' id='word_1_112' title='bbox 347 1912 526 2011; x_wconf 66' lang='lat' dir='ltr'><strong>inploret</strong></span> <span class='ocrx_word' id='word_1_113' title='bbox 539 1913 703 1992; x_wconf 78' lang='lat' dir='ltr'><strong>minores</strong></span> <span class='ocrx_word' id='word_1_114' title='bbox 719 1911 882 1989; x_wconf 82' lang='lat' dir='ltr'><strong>surculos</strong></span> <span class='ocrx_word' id='word_1_115' title='bbox 896 1912 1037 1989; x_wconf 84' lang='lat' dir='ltr'><strong>solutes</strong></span> <span class='ocrx_word' id='word_1_116' title='bbox 1050 1913 1277 1991; x_wconf 78' lang='lat' dir='ltr'><strong>solereticam</strong></span> <span class='ocrx_word' id='word_1_117' title='bbox 1296 1913 1515 2012; x_wconf 79' lang='lat' dir='ltr'><strong>personuit,</strong></span> <span class='ocrx_word' id='word_1_118' title='bbox 1544 1913 1598 1990; x_wconf 83' lang='lat' dir='ltr'><strong>al·</strong></span> 
     </span>
     <span class='ocr_line' id='line_1_15' title="bbox 267 2013 1599 2114; baseline 0.004 -25"><span class='ocrx_word' id='word_1_119' title='bbox 267 2014 493 2092; x_wconf 72' lang='lat' dir='ltr'><strong>tertennlor</strong></span> <span class='ocrx_word' id='word_1_120' title='bbox 503 2015 671 2114; x_wconf 85' lang='lat' dir='ltr'><strong>inprimis</strong></span> <span class='ocrx_word' id='word_1_121' title='bbox 684 2015 734 2092; x_wconf 88' lang='lat' dir='ltr'><strong>ad</strong></span> <span class='ocrx_word' id='word_1_122' title='bbox 746 2015 856 2092; x_wconf 87' lang='lat' dir='ltr'><strong>nerul</strong></span> <span class='ocrx_word' id='word_1_123' title='bbox 870 2015 1034 2092; x_wconf 88' lang='lat' dir='ltr'><strong>tunicam</strong></span> <span class='ocrx_word' id='word_1_124' title='bbox 1049 2015 1149 2094; x_wconf 81' lang='lat' dir='ltr'><strong>abiit.</strong></span> <span class='ocrx_word' id='word_1_125' title='bbox 1202 2015 1295 2093; x_wconf 88' lang='lat' dir='ltr'><strong>lnde</strong></span> <span class='ocrx_word' id='word_1_126' title='bbox 1317 2013 1465 2114; x_wconf 81' lang='lat' dir='ltr'><strong>oblique</strong></span> <span class='ocrx_word' id='word_1_127' title='bbox 1490 2013 1599 2114; x_wconf 80' lang='lat' dir='ltr'><strong>snper</strong></span> 
     </span>
     <span class='ocr_line' id='line_1_16' title="bbox 268 2114 1650 2214; baseline 0.003 -24"><span class='ocrx_word' id='word_1_128' title='bbox 268 2119 432 2190; x_wconf 69' lang='lat' dir='ltr'><strong>neruum</strong></span> <span class='ocrx_word' id='word_1_129' title='bbox 457 2117 656 2192; x_wconf 80' lang='lat' dir='ltr'>introrsum</span> <span class='ocrx_word' id='word_1_130' title='bbox 687 2115 893 2213; x_wconf 82' lang='lat' dir='ltr'><strong>progrellus</strong></span> <span class='ocrx_word' id='word_1_131' title='bbox 919 2121 959 2193; x_wconf 83' lang='lat' dir='ltr'><strong>ln</strong></span> <span class='ocrx_word' id='word_1_132' title='bbox 984 2117 1119 2192; x_wconf 86' lang='lat' dir='ltr'><strong>itinere</strong></span> <span class='ocrx_word' id='word_1_133' title='bbox 1145 2117 1250 2193; x_wconf 81' lang='lat' dir='ltr'><strong>dedit</strong></span> <span class='ocrx_word' id='word_1_134' title='bbox 1274 2114 1603 2214; x_wconf 76' lang='lat' dir='ltr'><strong>firpraorbltalern,</strong></span> <span class='ocrx_word' id='word_1_135' title='bbox 1638 2115 1650 2132; x_wconf 58' lang='lat'>⁸</span> 
     </span>
     <span class='ocr_line' id='line_1_17' title="bbox 266 2211 1597 2314; baseline -0.002 -18"><span class='ocrx_word' id='word_1_136' title='bbox 266 2211 378 2296; x_wconf 79' lang='lat' dir='ltr'><strong>neni</strong></span> <span class='ocrx_word' id='word_1_137' title='bbox 392 2214 560 2291; x_wconf 82' lang='lat' dir='ltr'><strong>frontalis</strong></span> <span class='ocrx_word' id='word_1_138' title='bbox 574 2217 769 2304; x_wconf 84' lang='lat' dir='ltr'><strong>comitem,</strong></span> <span class='ocrx_word' id='word_1_139' title='bbox 796 2237 922 2292; x_wconf 76' lang='lat' dir='ltr'><strong>ramos</strong></span> <span class='ocrx_word' id='word_1_140' title='bbox 939 2215 989 2291; x_wconf 85' lang='lat' dir='ltr'><strong>ad·</strong></span> <span class='ocrx_word' id='word_1_141' title='bbox 1002 2238 1162 2292; x_wconf 87' lang='lat' dir='ltr'><strong>neruum</strong></span> <span class='ocrx_word' id='word_1_142' title='bbox 1176 2219 1340 2314; x_wconf 85' lang='lat' dir='ltr'><strong>optieurn</strong></span> <span class='ocrx_word' id='word_1_143' title='bbox 1359 2217 1397 2293; x_wconf 75' lang='lat' dir='ltr'><strong>tr</strong></span> <span class='ocrx_word' id='word_1_144' title='bbox 1410 2219 1597 2311; x_wconf 74' lang='lat' dir='ltr'><strong>originem</strong></span> 
     </span>
    </p>
   </div>
   <div class='ocr_carea' id='block_1_7' title="bbox 178 2313 1733 2416">
    <p class='ocr_par' dir='ltr' id='par_1_7' title="bbox 178 2313 1733 2416">
     <span class='ocr_line' id='line_1_18' title="bbox 178 2313 1733 2416; baseline -0.001 -22"><span class='ocrx_word' id='word_1_145' title='bbox 178 2393 184 2407; x_wconf 79' lang='grc'><strong>,</strong></span> <span class='ocrx_word' id='word_1_146' title='bbox 268 2313 429 2408; x_wconf 82' lang='lat' dir='ltr'><strong>musculi</strong></span> <span class='ocrx_word' id='word_1_147' title='bbox 450 2315 589 2416; x_wconf 89' lang='lat' dir='ltr'><strong>obliqui</strong></span> <span class='ocrx_word' id='word_1_148' title='bbox 605 2315 814 2416; x_wconf 86' lang='lat' dir='ltr'><strong>superioris,</strong></span> <span class='ocrx_word' id='word_1_149' title='bbox 852 2317 902 2392; x_wconf 86' lang='lat' dir='ltr'><strong>ad</strong></span> <span class='ocrx_word' id='word_1_150' title='bbox 933 2315 1141 2393; x_wconf 83' lang='lat' dir='ltr'><strong>musculum</strong></span> <span class='ocrx_word' id='word_1_151' title='bbox 1167 2317 1420 2401; x_wconf 77' lang='lat' dir='ltr'><strong>attollentem,</strong></span> <span class='ocrx_word' id='word_1_152' title='bbox 1446 2319 1486 2394; x_wconf 79' lang='lat' dir='ltr'><strong>dr</strong></span> <span class='ocrx_word' id='word_1_153' title='bbox 1512 2318 1598 2393; x_wconf 87' lang='lat' dir='ltr'><strong>etlr·</strong></span> <span class='ocrx_word' id='word_1_154' title='bbox 1730 2403 1733 2408; x_wconf 19' lang='lat'>¹</span> 
     </span>
    </p>
   </div>
   <div class='ocr_carea' id='block_1_8' title="bbox 271 2416 1598 2742">
    <p class='ocr_par' dir='ltr' id='par_1_8' title="bbox 271 2416 1598 2742">
     <span class='ocr_line' id='line_1_19' title="bbox 271 2416 1597 2520; baseline -0.002 -24"><span class='ocrx_word' id='word_1_155' title='bbox 271 2417 463 2496; x_wconf 86' lang='lat' dir='ltr'><strong>moideam</strong></span> <span class='ocrx_word' id='word_1_156' title='bbox 481 2419 736 2520; x_wconf 81' lang='lat' dir='ltr'><strong>posteriorem,</strong></span> <span class='ocrx_word' id='word_1_157' title='bbox 762 2431 854 2495; x_wconf 80' lang='lat' dir='ltr'><strong>tuno</strong></span> <span class='ocrx_word' id='word_1_158' title='bbox 868 2418 1072 2494; x_wconf 82' lang='lat' dir='ltr'><strong>antrorsurn</strong></span> <span class='ocrx_word' id='word_1_159' title='bbox 1094 2417 1235 2504; x_wconf 81' lang='lat' dir='ltr'><strong>delata,</strong></span> <span class='ocrx_word' id='word_1_160' title='bbox 1261 2416 1513 2494; x_wconf 84' lang='lat' dir='ltr'><strong>ethmoideam</strong></span> <span class='ocrx_word' id='word_1_161' title='bbox 1529 2441 1597 2494; x_wconf 87' lang='lat' dir='ltr'><strong>an·</strong></span> 
     </span>
     <span class='ocr_line' id='line_1_20' title="bbox 271 2517 1596 2626; baseline 0.001 -29"><span class='ocrx_word' id='word_1_162' title='bbox 271 2521 469 2610; x_wconf 84' lang='lat' dir='ltr'><strong>teriorenr,</strong></span> <span class='ocrx_word' id='word_1_163' title='bbox 496 2520 747 2623; x_wconf 84' lang='lat' dir='ltr'><strong>palpebralern</strong></span> <span class='ocrx_word' id='word_1_164' title='bbox 760 2523 984 2599; x_wconf 82' lang='lat' dir='ltr'><strong>anteriorem</strong></span> <span class='ocrx_word' id='word_1_165' title='bbox 1003 2521 1045 2598; x_wconf 78' lang='lat' dir='ltr'><strong>&#39;dr</strong></span> <span class='ocrx_word' id='word_1_166' title='bbox 1062 2519 1295 2620; x_wconf 82' lang='lat' dir='ltr'><strong>superiorem.</strong></span> <span class='ocrx_word' id='word_1_167' title='bbox 1361 2517 1509 2598; x_wconf 83' lang='lat' dir='ltr'><strong>Arteria</strong></span> <span class='ocrx_word' id='word_1_168' title='bbox 1529 2543 1596 2626; x_wconf 75' lang='lat' dir='ltr'><strong>an·</strong></span> 
     </span>
     <span class='ocr_line' id='line_1_21' title="bbox 271 2619 1598 2742; baseline 0 -42"><span class='ocrx_word' id='word_1_169' title='bbox 271 2633 352 2702; x_wconf 84' lang='lat' dir='ltr'><strong>tem</strong></span> <span class='ocrx_word' id='word_1_170' title='bbox 368 2621 560 2702; x_wconf 83' lang='lat' dir='ltr'><strong>accellorla</strong></span> <span class='ocrx_word' id='word_1_171' title='bbox 576 2625 654 2724; x_wconf 88' lang='lat' dir='ltr'><strong>post</strong></span> <span class='ocrx_word' id='word_1_172' title='bbox 672 2623 804 2700; x_wconf 74' lang='lat' dir='ltr'><strong>saltam</strong></span> <span class='ocrx_word' id='word_1_173' title='bbox 825 2619 1066 2719; x_wconf 83' lang='lat' dir='ltr'><strong>anallonrosrn</strong></span> <span class='ocrx_word' id='word_1_174' title='bbox 1088 2645 1176 2699; x_wconf 84' lang='lat' dir='ltr'><strong>curn</strong></span> <span class='ocrx_word' id='word_1_175' title='bbox 1197 2633 1329 2699; x_wconf 78' lang='lat' dir='ltr'><strong>trunco</strong></span> <span class='ocrx_word' id='word_1_176' title='bbox 1351 2621 1391 2696; x_wconf 88' lang='lat' dir='ltr'><strong>ln</strong></span> <span class='ocrx_word' id='word_1_177' title='bbox 1412 2621 1598 2742; x_wconf 66' lang='lat' dir='ltr'><strong>laeryma-</strong></span> 
     </span>
    </p>
   </div>
   <div class='ocr_carea' id='block_1_9' title="bbox 269 2723 1742 2826">
    <p class='ocr_par' dir='ltr' id='par_1_9' title="bbox 269 2723 1742 2826">
     <span class='ocr_line' id='line_1_22' title="bbox 269 2723 1742 2826; baseline 0 -24"><span class='ocrx_word' id='word_1_178' title='bbox 269 2726 356 2802; x_wconf 81' lang='lat' dir='ltr'><strong>lem·</strong></span> <span class='ocrx_word' id='word_1_179' title='bbox 366 2723 472 2815; x_wconf 84' lang='lat' dir='ltr'><strong>abiit,</strong></span> <span class='ocrx_word' id='word_1_180' title='bbox 499 2727 648 2826; x_wconf 85' lang='lat' dir='ltr'><strong>quaein</strong></span> <span class='ocrx_word' id='word_1_181' title='bbox 663 2727 796 2803; x_wconf 85' lang='lat' dir='ltr'><strong>itinere</strong></span> <span class='ocrx_word' id='word_1_182' title='bbox 823 2729 984 2824; x_wconf 79' lang='lat' dir='ltr'><strong>primum</strong></span> <span class='ocrx_word' id='word_1_183' title='bbox 1007 2725 1181 2824; x_wconf 84' lang='lat' dir='ltr'><strong>praebuit</strong></span> <span class='ocrx_word' id='word_1_184' title='bbox 1191 2723 1408 2802; x_wconf 84' lang='lat' dir='ltr'><strong>arteriolam</strong></span> <span class='ocrx_word' id='word_1_185' title='bbox 1430 2725 1596 2802; x_wconf 74' lang='lat' dir='ltr'><strong>erliaoem</strong></span> <span class='ocrx_word' id='word_1_186' title='bbox 1734 2803 1742 2814; x_wconf 67' lang='grc'><strong>,</strong></span> 
     </span>
    </p>
   </div>
   <div class='ocr_carea' id='block_1_10' title="bbox 268 2825 1597 3330">
    <p class='ocr_par' dir='ltr' id='par_1_10' title="bbox 268 2825 1597 3330">
     <span class='ocr_line' id='line_1_23' title="bbox 268 2825 1596 2914; baseline -0.002 -9"><span class='ocrx_word' id='word_1_187' title='bbox 268 2825 536 2914; x_wconf 80' lang='lat' dir='ltr'><strong>tenulllirnarn,</strong></span> <span class='ocrx_word' id='word_1_188' title='bbox 575 2851 722 2906; x_wconf 84' lang='lat' dir='ltr'><strong>ramum</strong></span> <span class='ocrx_word' id='word_1_189' title='bbox 747 2827 796 2902; x_wconf 86' lang='lat' dir='ltr'><strong>ad</strong></span> <span class='ocrx_word' id='word_1_190' title='bbox 823 2825 1032 2904; x_wconf 83' lang='lat' dir='ltr'><strong>musculum</strong></span> <span class='ocrx_word' id='word_1_191' title='bbox 1058 2828 1314 2911; x_wconf 78' lang='lat' dir='ltr'><strong>attollentem,</strong></span> <span class='ocrx_word' id='word_1_192' title='bbox 1342 2825 1380 2903; x_wconf 82' lang='lat' dir='ltr'><strong>dr</strong></span> <span class='ocrx_word' id='word_1_193' title='bbox 1408 2825 1596 2902; x_wconf 82' lang='lat' dir='ltr'><strong>abducen-</strong></span> 
     </span>
     <span class='ocr_line' id='line_1_24' title="bbox 270 2923 1596 3026; baseline -0.001 -21"><span class='ocrx_word' id='word_1_194' title='bbox 270 2939 367 3007; x_wconf 88' lang='lat' dir='ltr'><strong>tem,</strong></span> <span class='ocrx_word' id='word_1_195' title='bbox 420 2931 541 3026; x_wconf 83' lang='lat' dir='ltr'><strong>Prope</strong></span> <span class='ocrx_word' id='word_1_196' title='bbox 556 2929 772 3022; x_wconf 87' lang='lat' dir='ltr'><strong>glandularn</strong></span> <span class='ocrx_word' id='word_1_197' title='bbox 787 2951 954 3016; x_wconf 86' lang='lat' dir='ltr'><strong>ramum,</strong></span> <span class='ocrx_word' id='word_1_198' title='bbox 978 2930 1059 3026; x_wconf 88' lang='lat' dir='ltr'><strong>qui,</strong></span> <span class='ocrx_word' id='word_1_199' title='bbox 1086 2928 1271 3026; x_wconf 79' lang='lat' dir='ltr'><strong>perforato</strong></span> <span class='ocrx_word' id='word_1_200' title='bbox 1287 2923 1360 3000; x_wconf 85' lang='lat' dir='ltr'><strong>olle</strong></span> <span class='ocrx_word' id='word_1_201' title='bbox 1380 2939 1596 3026; x_wconf 81' lang='lat' dir='ltr'><strong>temporum</strong></span> 
     </span>
     <span class='ocr_line' id='line_1_25' title="bbox 271 3026 1597 3127; baseline -0.002 -19"><span class='ocrx_word' id='word_1_202' title='bbox 271 3051 363 3109; x_wconf 81' lang='lat' dir='ltr'><strong>cum</strong></span> <span class='ocrx_word' id='word_1_203' title='bbox 376 3029 572 3127; x_wconf 86' lang='lat' dir='ltr'><strong>temporali</strong></span> <span class='ocrx_word' id='word_1_204' title='bbox 594 3027 774 3125; x_wconf 78' lang='lat' dir='ltr'><strong>profirnda</strong></span> <span class='ocrx_word' id='word_1_205' title='bbox 794 3028 940 3103; x_wconf 82' lang='lat' dir='ltr'><strong>iuntlus</strong></span> <span class='ocrx_word' id='word_1_206' title='bbox 959 3029 1050 3116; x_wconf 84' lang='lat' dir='ltr'><strong>fnit,</strong></span> <span class='ocrx_word' id='word_1_207' title='bbox 1083 3027 1258 3124; x_wconf 74' lang='lat' dir='ltr'><strong>glandula</strong></span> <span class='ocrx_word' id='word_1_208' title='bbox 1278 3039 1405 3102; x_wconf 88' lang='lat' dir='ltr'><strong>autern</strong></span> <span class='ocrx_word' id='word_1_209' title='bbox 1428 3026 1597 3126; x_wconf 83' lang='lat' dir='ltr'><strong>superata</strong></span> 
     </span>
     <span class='ocr_line' id='line_1_26' title="bbox 272 3123 1595 3228; baseline -0.001 -21"><span class='ocrx_word' id='word_1_210' title='bbox 272 3132 315 3208; x_wconf 87' lang='lat' dir='ltr'><strong>in</strong></span> <span class='ocrx_word' id='word_1_211' title='bbox 330 3131 425 3206; x_wconf 85' lang='lat' dir='ltr'><strong>duos</strong></span> <span class='ocrx_word' id='word_1_212' title='bbox 439 3151 563 3206; x_wconf 83' lang='lat' dir='ltr'><strong>ramos</strong></span> <span class='ocrx_word' id='word_1_213' title='bbox 581 3127 694 3204; x_wconf 87' lang='lat' dir='ltr'><strong>billda</strong></span> <span class='ocrx_word' id='word_1_214' title='bbox 708 3127 814 3220; x_wconf 87' lang='lat' dir='ltr'><strong>abiit,</strong></span> <span class='ocrx_word' id='word_1_215' title='bbox 841 3123 999 3228; x_wconf 80' lang='lat' dir='ltr'><strong>quornm</strong></span> <span class='ocrx_word' id='word_1_216' title='bbox 1010 3129 1107 3206; x_wconf 87' lang='lat' dir='ltr'><strong>alter</strong></span> <span class='ocrx_word' id='word_1_217' title='bbox 1129 3128 1177 3204; x_wconf 85' lang='lat' dir='ltr'><strong>ad</strong></span> <span class='ocrx_word' id='word_1_218' title='bbox 1197 3139 1366 3226; x_wconf 85' lang='lat' dir='ltr'><strong>tempora</strong></span> <span class='ocrx_word' id='word_1_219' title='bbox 1388 3127 1595 3228; x_wconf 81' lang='lat' dir='ltr'><strong>superficia-</strong></span> 
     </span>
     <span class='ocr_line' id='line_1_27' title="bbox 272 3222 1595 3330; baseline -0.003 -19"><span class='ocrx_word' id='word_1_220' title='bbox 272 3231 321 3312; x_wconf 85' lang='lat' dir='ltr'><strong>lis</strong></span> <span class='ocrx_word' id='word_1_221' title='bbox 336 3231 517 3323; x_wconf 81' lang='lat' dir='ltr'><strong>excurrit,</strong></span> <span class='ocrx_word' id='word_1_222' title='bbox 542 3231 636 3308; x_wconf 84' lang='lat' dir='ltr'><strong>alter</strong></span> <span class='ocrx_word' id='word_1_223' title='bbox 650 3231 697 3308; x_wconf 89' lang='lat' dir='ltr'><strong>ad</strong></span> <span class='ocrx_word' id='word_1_224' title='bbox 713 3230 924 3330; x_wconf 80' lang='lat' dir='ltr'><strong>palpebram</strong></span> <span class='ocrx_word' id='word_1_225' title='bbox 948 3229 1171 3328; x_wconf 86' lang='lat' dir='ltr'><strong>superiorem</strong></span> <span class='ocrx_word' id='word_1_226' title='bbox 1193 3222 1295 3308; x_wconf 83' lang='lat' dir='ltr'><strong>milla</strong></span> <span class='ocrx_word' id='word_1_227' title='bbox 1316 3227 1402 3315; x_wconf 81' lang='lat' dir='ltr'><strong>fult,</strong></span> <span class='ocrx_word' id='word_1_228' title='bbox 1435 3231 1483 3306; x_wconf 88' lang='lat' dir='ltr'><strong>ad</strong></span> <span class='ocrx_word' id='word_1_229' title='bbox 1505 3253 1595 3307; x_wconf 87' lang='lat' dir='ltr'><strong>oon·</strong></span> 
     </span>
    </p>
   </div>
   <div class='ocr_carea' id='block_1_11' title="bbox 103 3331 1595 3432">
    <p class='ocr_par' dir='ltr' id='par_1_11' title="bbox 103 3331 1595 3432">
     <span class='ocr_line' id='line_1_28' title="bbox 103 3331 1595 3432; baseline -0.001 -20"><span class='ocrx_word' id='word_1_230' title='bbox 103 3351 107 3358; x_wconf 85' lang='lat'>&#39;</span> <span class='ocrx_word' id='word_1_231' title='bbox 270 3333 504 3412; x_wconf 78' lang='lat' dir='ltr'><strong>llituendurn</strong></span> <span class='ocrx_word' id='word_1_232' title='bbox 515 3355 604 3411; x_wconf 78' lang='lat' dir='ltr'><strong>etun</strong></span> <span class='ocrx_word' id='word_1_233' title='bbox 625 3333 825 3432; x_wconf 78' lang='lat' dir='ltr'><strong>propagine</strong></span> <span class='ocrx_word' id='word_1_234' title='bbox 851 3336 973 3410; x_wconf 86' lang='lat' dir='ltr'><strong>trunci</strong></span> <span class='ocrx_word' id='word_1_235' title='bbox 991 3331 1265 3431; x_wconf 82' lang='lat' dir='ltr'><strong>ophthalmlcee</strong></span> <span class='ocrx_word' id='word_1_236' title='bbox 1286 3351 1413 3408; x_wconf 80' lang='lat' dir='ltr'><strong>arcum</strong></span> <span class='ocrx_word' id='word_1_237' title='bbox 1432 3331 1595 3410; x_wconf 84' lang='lat' dir='ltr'><strong>tarseum</strong></span> 
     </span>
    </p>
   </div>
   <div class='ocr_carea' id='block_1_12' title="bbox 271 3429 1594 3725">
    <p class='ocr_par' dir='ltr' id='par_1_12' title="bbox 271 3429 1594 3725">
     <span class='ocr_line' id='line_1_29' title="bbox 272 3429 1593 3534; baseline 0.001 -23"><span class='ocrx_word' id='word_1_238' title='bbox 272 3435 364 3530; x_wconf 79' lang='lat' dir='ltr'><strong>(d).</strong></span> <span class='ocrx_word' id='word_1_239' title='bbox 426 3436 490 3516; x_wconf 83' lang='lat' dir='ltr'><strong>Ad</strong></span> <span class='ocrx_word' id='word_1_240' title='bbox 517 3433 711 3513; x_wconf 83' lang='lat' dir='ltr'><strong>decursum</strong></span> <span class='ocrx_word' id='word_1_241' title='bbox 741 3435 1014 3533; x_wconf 85' lang='lat' dir='ltr'><strong>ophthalmicae</strong></span> <span class='ocrx_word' id='word_1_242' title='bbox 1041 3433 1178 3511; x_wconf 85' lang='lat' dir='ltr'><strong>addere</strong></span> <span class='ocrx_word' id='word_1_243' title='bbox 1204 3454 1352 3534; x_wconf 88' lang='lat' dir='ltr'><strong>quoque</strong></span> <span class='ocrx_word' id='word_1_244' title='bbox 1378 3429 1494 3508; x_wconf 86' lang='lat' dir='ltr'>visum</span> <span class='ocrx_word' id='word_1_245' title='bbox 1518 3433 1593 3520; x_wconf 84' lang='lat' dir='ltr'><strong>est,</strong></span> 
     </span>
     <span class='ocr_line' id='line_1_30' title="bbox 271 3533 1594 3725; baseline 0.002 -107"><span class='ocrx_word' id='word_1_246' title='bbox 271 3539 541 3725; x_wconf 52' lang='lat' dir='ltr'><strong>fflqmque</strong></span> <span class='ocrx_word' id='word_1_247' title='bbox 562 3537 626 3618; x_wconf 87' lang='lat' dir='ltr'><strong>sub</strong></span> <span class='ocrx_word' id='word_1_248' title='bbox 649 3559 768 3620; x_wconf 75' lang='lat' dir='ltr'><strong>nenio</strong></span> <span class='ocrx_word' id='word_1_249' title='bbox 789 3537 916 3642; x_wconf 76' lang='lat' dir='ltr'><strong>optino</strong></span> <span class='ocrx_word' id='word_1_250' title='bbox 935 3535 1157 3640; x_wconf 71' lang='lat' dir='ltr'><strong>progredere</strong></span> <span class='ocrx_word' id='word_1_251' title='bbox 1187 3533 1481 3617; x_wconf 79' lang='lat' dir='ltr'><strong>animaduersam</strong></span> <span class='ocrx_word' id='word_1_252' title='bbox 1501 3535 1594 3620; x_wconf 82' lang='lat' dir='ltr'><strong>milti</strong></span> 
     </span>
    </p>
   </div>
   <div class='ocr_carea' id='block_1_13' title="bbox 275 4248 1176 4550">
    <p class='ocr_par' dir='ltr' id='par_1_13' title="bbox 275 4248 1176 4550">
     <span class='ocr_line' id='line_1_31' title="bbox 275 4248 1176 4399; baseline -0.002 -20"><span class='ocrx_word' id='word_1_253' title='bbox 275 4333 280 4344; x_wconf 95' lang='lat'>·</span> <span class='ocrx_word' id='word_1_254' title='bbox 315 4304 377 4398; x_wconf 82' lang='lat' dir='ltr'><strong>(d)</strong></span> <span class='ocrx_word' id='word_1_255' title='bbox 396 4302 492 4382; x_wconf 76' lang='lat' dir='ltr'><strong>conl.</strong></span> <span class='ocrx_word' id='word_1_256' title='bbox 514 4248 582 4399; x_wconf 64' lang='lat' dir='ltr'><strong>ilfi,</strong></span> <span class='ocrx_word' id='word_1_257' title='bbox 600 4312 696 4384; x_wconf 73' lang='lat' dir='ltr'><strong>arim</strong></span> <span class='ocrx_word' id='word_1_258' title='bbox 716 4307 807 4394; x_wconf 76' lang='lat' dir='ltr'><strong>orell,</strong></span> <span class='ocrx_word' id='word_1_259' title='bbox 826 4323 907 4398; x_wconf 72' lang='lat' dir='ltr'><strong>pag.</strong></span> <span class='ocrx_word' id='word_1_260' title='bbox 927 4309 979 4396; x_wconf 71' lang='lat'><strong>38,</strong></span> <span class='ocrx_word' id='word_1_261' title='bbox 993 4309 1066 4398; x_wconf 69' lang='lat' dir='ltr'><strong>sqq.</strong></span> <span class='ocrx_word' id='word_1_262' title='bbox 1088 4326 1093 4334; x_wconf 93' lang='lat'>·</span> <span class='ocrx_word' id='word_1_263' title='bbox 1172 4346 1176 4355; x_wconf 94' lang='lat'>·</span> 
     </span>
     <span class='ocr_line' id='line_1_32' title="bbox 1048 4463 1176 4550; baseline -0.016 0"><span class='ocrx_word' id='word_1_264' title='bbox 1048 4465 1116 4550; x_wconf 87' lang='lat' dir='ltr'><strong>Bb</strong></span> <span class='ocrx_word' id='word_1_265' title='bbox 1143 4463 1176 4548; x_wconf 81' lang='lat' dir='ltr'><strong>a&#39;</strong></span> 
     </span>
    </p>
   </div>
   <div class='ocr_carea' id='block_1_14' title="bbox 0 0 2046 5256">
    <p class='ocr_par' dir='ltr' id='par_1_14' title="bbox 0 0 2046 5256">
     <span class='ocr_line' id='line_1_33' title="bbox 0 0 2046 5256; baseline 0 0"><span class='ocrx_word' id='word_1_266' title='bbox 0 0 2046 5256; x_wconf 95' lang='lat' dir='ltr'><strong> </strong></span> 
     </span>
    </p>
   </div>
  </div>
 </body>
</html>
