4064 5260
444 471 522 554 2³4
651 470 937 536 nnsenrnnro
954 473 1166 542 eunucu.
1186 441 1324 533 ocv'nr
1348 477 1544 542 eruuntur

441 657 650 740 seruatione
677 661 818 761 optime
845 659 1022 738 conuenit
1048 657 1315 736 adirnaduerso
1337 659 1515 738 Gvuzrr'
1537 657 1625 754 (z)·
1641 661 1768 760 qui'iu

441 765 569 852 oculo,
596 764 657 840 vbi
673 763 897 842 foraminum
913 764 1058 840 nullum
1079 762 1269 860 vestigium
1293 763 1452 842 inueniri
1475 763 1613 860 poturit,
1646 778 1769 842 atten-

442 863 527 945 tiori
549 869 721 944 examine
744 870 839 944 circa
863 865 1101 944 carunculam
1128 865 1167 948 dc
1194 865 1255 940 vbi
1282 865 1499 948 membrana
1525 863 1644 952 sedet,
1671 885 1786 966 quae·

349 977 353 988 '
443 969 618 1048 crescenti
633 971 745 1046 lunae
770 982 1024 1067 comparatur,
1059 967 1179 1051 muita
1198 966 1434 1046 minutissima
1457 967 1682 1047 foraminuira
1705 971 1772 1048 de·

441 1073 555 1161 texit3
582 1072 620 1151 dr
634 1073 726 1150 alios
742 1095 890 1173 quoque
906 1071 1014 1162 vidit,
1041 1093 1136 1169 quos
1151 1072 1190 1147 in
1210 1069 1388 1148 alterutra
1413 1067 1607 1170 palpebra,
1634 1071 1772 1169 punito

441 1175 634 1274 lacrymali
654 1175 815 1262 occluso,
844 1175 969 1251 nulius
990 1185 1118 1250 tamen
1140 1174 1327 1272 lacrymae
1351 1171 1476 1253 clusus
1499 1172 1703 1261 infestauit.
1730 1184 1774 1252 vt

441 1277 517 1377 ipse
534 1279 621 1355 inde
643 1279 719 1357 iam
742 1277 998 1364 concluderet,
1026 1275 1098 1354 elie
1122 1277 1310 1357 interdum
1333 1276 1486 1373 exiguas
1510 1275 1652 1374 aliquas
1673 1273 1794 1354 sustu?

440 1379 514 1468 las,
544 1381 639 1458 circa
653 1381 890 1457 carunculam
907 1389 1073 1480 apertas,
1101 1404 1197 1478 quae
1213 1391 1408 1478 exceptam
1423 1375 1628 1478 lacrymam
1642 1381 1681 1456 in
1696 1379 1771 1456 sac·
1863 1455 1868 1464 ,

444 1507 530 1560 cum
546 1483 708 1560 nasalem
723 1485 963 1566 deducerent.
1017 1481 1217 1562 Occasione
1236 1485 1323 1561 data
1338 1481 1481 1584 saepius
1496 1481 1593 1562 hanc
1608 1484 1648 1565 in
1661 1481 1772 1562 sabri-

404 1605 408 1617 '
445 1608 528 1666 σω
547 1587 742 1690 inquiram.
778 1585 871 1686 (25)

1054 1863 1064 1884 .
1123 1803 1189 1888 IV.

623 1931 786 2026 Dubius
803 1930 948 2050 nastulis
969 1932 1011 2024 in
1025 1801 1183 2026 dorium
1205 1936 1402 2068 surdiora
1419 1952 1595 2054 opertus.

605 2087 686 2187 Ipse
701 2089 825 2166 saccus
841 2112 887 2164 ex
900 2086 969 2166 litu
982 2087 1092 2166 fossae
1108 2089 1189 2166 offis
1202 2093 1336 2187 unguis
1352 2094 1499 2190 oblique
1518 2093 1655 2192 positus
1676 2095 1771 2174 leui·

449 2201 508 2270 ter
521 2190 724 2269 antrorsum
740 2190 995 2269 &extrorsum
1010 2191 1262 2290 progreditur,
1290 2192 1418 2274 sensrm
1433 2195 1655 2292 augustanus.
1698 2199 1770 2278 Vbi

450 2309 576 2372 autem
594 2295 794 2394 persestum
820 2293 989 2370 canalem
1011 2293 1150 2372 osseum
1170 2295 1391 2391 ingreditur,
1425 2297 1663 2378 direliionem
1685 2323 1770 2380 mu·

448 2409 522 2484 tat,
549 2397 588 2476 dc
616 2397 756 2496 inipso
784 2396 875 2488 olle,
901 2397 1039 2493 angulo
1057 2397 1176 2496 ,salim
1203 2399 1402 2476 retrorsum
1426 2399 1562 2492 fertur,
1588 2403 1650 2480 vbi
1677 2405 1771 2502 liga·

447 2515 578 2576 mento
592 2500 672 2576 fere
688 2500 877 2576 interdurn
897 2499 1108 2576 constonus
1127 2499 1198 2578 esse
1222 2501 1385 2590 videtur,
1412 2501 1461 2579 sic
1483 2517 1587 2601 parre
1606 2509 1768 2606 quodam

451 2602 548 2678 antri
576 2601 774 2700 Highmori
802 2603 940 2692 tetius,
965 2601 1136 2679 deorsum
1162 2603 1424 2682 &retrorsum
1458 2605 1606 2690 delatus
1636 2608 1769 2686 desinit

449 2701 605 2780 tandem
617 2701 681 2777 sub
696 2701 769 2778 osse
782 2701 969 2799 spongioso
984 2703 1165 2788 inferiori,
1191 2704 1274 2782 loco
1301 2709 1497 2797 anteriori,
1525 2709 1587 2784 ubi
1606 2711 1700 2788 illud
1718 2709 1767 2790 ab

450 2803 524 2882 osse
537 2803 779 2903 pronascitur,
806 2802 846 2880 dr
860 2803 897 2878 in
913 2826 1021 2898 nares
1035 2801 1086 2878 ibi
1101 2814 1201 2899 patet
1213 2803 1352 2884 orificio
1372 2807 1425 2884 itu
1439 2808 1587 2907 oblique
1606 2812 1767 2908 renuo,

448 2909 503 2986 vti
518 2905 596 2983 sere
608 2916 773 2982 ureteres
789 2903 829 2980 in
841 2903 996 2980 vescam
1020 2903 1056 2980 se
1076 2904 1300 2993 immittunt,
1335 2909 1436 3006 quod
1456 2911 1637 2990 orificium
1659 2941 1768 3015 prae·

449 3019 555 3088 terea
567 3009 691 3110 aliqua
706 3031 752 3083 ex
765 3019 870 3106 parte
884 3006 1066 3084 clauditur
1090 3007 1184 3105 plica
1207 3009 1445 3088 membraneo
1465 3012 1694 3111 semilunari,
1717 3017 1768 3100 li·

655 3109 762 3199 bera,
788 3122 830 3190 vt
847 3111 1008 3213 aliquam
1022 3109 1193 3188 valuulae
1208 3110 1367 3210 speciem
1378 3114 1556 3200 ,exhibere
1760 3107 1765 3116 ’

951 3210 1130 3296 videatur.
1154 3219 1244 3310 (ab)

487 3421 878 3610 {ciliciorum
891 3506 922 3600 c
936 3519 990 3600 aa·
1153 3509 1230 3600 ou
1250 3505 1361 3602 sum·
1377 3507 1547 3601 urum
1565 3509 1596 3600 c
1615 3509 1669 3588 aa
