4094 5262
574 379 779 492 camin.
809 405 1063 469 nnnvnrca
1085 405 1281 484 enarra·
1507 401 1591 490 ,²⁰³
1635 415 1643 431 s

279 591 458 674 nuatione
472 591 613 673 retinae
628 594 789 674 habuiss'e
804 595 995 686 videntur,
1023 596 1122 694 quod
1136 592 1304 694 inprimis
1318 617 1364 670 ex
1380 587 1590 690 descriptio·
1618 584 1624 606 ’

278 721 330 774 ne
351 701 614 786 Lrevravo,
647 699 1003 784 Cnssnnorrnrr,
1044 697 1357 796 dt-linnanrnrr
1383 696 1450 796 (f)
1475 719 1588 794 appa·
1687 714 1690 720 ⁴

277 815 354 890 ret,
382 801 444 898 qui
459 802 616 876 retinam
632 802 680 877 ad
701 802 906 902 aliquama
936 801 1039 876 lente
1061 801 1267 878 distantiam
1296 800 1520 876 teneriorem
1547 797 1587 877 dt
1705 885 1708 906 Ι
1771 824 1776 833 ’

277 903 499 1000 pellucidam
513 903 666 990 fastam,
701 904 738 980 in
756 906 1030 980 conuerritorem
1048 905 1272 980 anteriorem
1287 901 1455 1000 capsulae
1473 899 1587 978 lentis

276 1003 449 1090 immitti,
478 1003 578 1082 &ad
593 1005 828 1082 insertionem
844 1029 962 1106 usque
976 1007 1110 1083 deduci
1126 1005 1222 1106 posse
1243 1004 1438 1082 affirmant.
1459 1037 1461 1044 ⁴
1503 1003 1587 1094 Nee

279 1105 535 1184 membranam
549 1131 789 1186 communem
800 1112 1023 1186 Pnuvccrr
1041 1113 1117 1208 (g),
1146 1113 1257 1208 quam
1274 1107 1416 1184 retinae
1430 1117 1585 1203 partem,

277 1207 316 1284 dr
332 1207 377 1282 ab
394 1209 585 1286 inuolucro
599 1212 704 1288 nemi
720 1211 831 1310 optici
848 1225 973 1287 natam
989 1211 1061 1288 esse
1075 1211 1211 1298 scribit,
1243 1225 1285 1287 vt
1306 1208 1417 1287 libras
1439 1207 1586 1284 mellus.-

276 1309 375 1385 lares
391 1311 556 1387 instratos
573 1311 635 1389 sbi
650 1313 803 1403 habeat,
830 1313 930 1389 aliud
945 1315 1146 1414 quidquam
1163 1313 1251 1400 esse,
1278 1335 1391 1413 quam
1408 1308 1585 1387 zonulam
1711 1383 1714 1393 ,

241 1443 246 1460 ’
277 1433 437 1488 coronae
451 1415 605 1500 ciliariS,
633 1416 720 1492 data
740 1415 839 1492 illius
859 1415 1052 1514 descriptio
1077 1415 1218 1515 optime
1244 1415 1377 1506 docet,
1403 1435 1520 1512 quum
1545 1409 1597 1489 dt

278 1513 421 1606 sulcos,
452 1517 515 1614 qui
537 1516 651 1614 plicas
673 1517 901 1615 processuum
928 1519 1107 1595 ciliarium
1132 1518 1340 1614 excipiunt,
1372 1517 1412 1594 dt
1439 1515 1519 1590 eius
1544 1513 1586 1588 in
1628 1571 1631 1580 Δ
1757 1579 1762 1588 .
1884 1537 1886 1548 ·

275 1617 550 1692 connexitatem
568 1622 792 1697 anteriorem
808 1620 1043 1696 insertionem
1059 1621 1098 1696 iu
1114 1619 1175 1695 illa
1197 1621 1326 1696 itidem
1349 1615 1585 1692 animaduer-

275 1718 380 1802 terit,
410 1718 493 1798 ets,
520 1721 704 1796 nonsatis
730 1735 903 1800 accurate
929 1721 1094 1808 locutus,
1120 1722 1223 1798 illam
1248 1743 1336 1797 cum
1364 1717 1438 1818 ipsa
1463 1716 1585 1792 retina

274 1819 531 1904 confundere,
547 1821 587 1898 dt
603 1847 668 1920 pro
689 1825 785 1899 illius
801 1825 1001 1924 propagine
1025 1823 1162 1900 habere
1183 1825 1362 1899 videatur.
1441 1819 1520 1898 Sed
1545 1815 1585 1894 dt
1643 1844 1648 1854 ·

274 1923 345 1998 alia
363 1921 463 2012 lunt,
494 1946 593 2020 quae
608 1923 875 2002 dubitationem
895 1928 1057 2024 aliquam
1085 1927 1318 2024 relinquunt,
1344 1924 1384 2002 dt
1404 1919 1585 1998 assensum

273 2045 402 2100 meum
417 2025 495 2100 sere
517 2039 727 2118 morantur,
755 2041 796 2104 vt
819 2029 915 2105 circa
942 2029 1177 2138 inserpionem
1206 2027 1349 2104 retinae
1372 2025 1411 2100 in
1439 2025 1583 2110 lentem
1676 2091 1680 2102 .

227 2215 231 2225 Ι
273 2129 440 2202 nondum
460 2128 567 2222 plane
582 2127 646 2202 sun
663 2130 861 2226 persuasus.
915 2134 1014 2228 Dum
1033 2131 1133 2206 enim
1149 2133 1187 2206 in
1207 2132 1316 2206 oculo
1334 2126 1495 2212 recenti,
1518 2121 1583 2201 vbi

273 2227 314 2306 dt
329 2227 521 2302 choroides
541 2229 711 2306 &retina
730 2231 976 2308 s'olidiusculae
995 2233 1096 2318 sunt,
1122 2232 1336 2307 choroidem
1358 2231 1398 2308 dt
1418 2230 1472 2304 illi
1492 2251 1581 2314 conj·

272 2331 421 2405 tinuum
439 2353 571 2425 corpus
587 2331 711 2406 ciliare
734 2335 906 2418 detraho,
934 2327 1008 2430 ipsa
1029 2335 1146 2410 retina
1167 2334 1216 2409 ad
1237 2333 1417 2433 originem
1439 2323 1582 2427 proces·

273 2430 378 2508 suum
395 2431 572 2506 cillarium
594 2435 763 2528 margine
783 2436 986 2524 tumidulo,
1023 2436 1190 2533 inprimis
1217 2435 1255 2509 in
1283 2434 1392 2510 oculo
1419 2429 1577 2516 bubulo,

272 2535 510 2618 terminatur,
537 2535 642 2612 cuius
657 2560 762 2611 oram
777 2538 813 2612 in
833 2561 906 2612 oue
920 2538 1091 2612 arteriola
1113 2539 1152 2611 in
1174 2537 1352 2614 circulum
1372 2535 1450 2616 sere
1471 2531 1579 2608 dusla

272 2636 385 2731 legit,
411 2651 452 2711 vt
468 2638 504 2710 in
521 2634 617 2710 boue
633 2639 871 2733 integerrimo
886 2640 1052 2734 margine
1072 2640 1228 2723 eleuari,
1252 2639 1292 2718 dr
1312 2637 1455 2715 reuolui
1475 2631 1579 2734 posiit

273 2738 350 2832 (s),
377 2737 426 2823 u,
449 2739 547 2813 eluto
564 2760 674 2814 tnuco
687 2743 804 2836 nigro,
831 2741 929 2817 inter
943 2743 1048 2816 illum
1064 2744 1271 2838 marginem
1288 2740 1513 2817 tumidulum
1539 2736 1599 2826 dt,

222 2927 228 2932 ¹
271 2841 412 2944 sentem
427 2841 562 2916 humor
574 2841 714 2916 vitreus
729 2857 913 2940 appareat.
967 2847 1183 2930 Praeterea,
1210 2843 1235 2918 st
1259 2843 1307 2918 ad
1329 2843 1470 2917 lentem
1495 2859 1576 2936 per-

272 2943 448 3038 tingeret,
475 2957 541 3019 aut
556 2943 651 3016 inter
664 2943 879 3021 choroidem
897 2945 935 3022 dt
950 2947 1129 3033 aonidum
1142 2947 1301 3041 nigrum,
1327 2956 1394 3019 aut
1407 2943 1577 3017 interane

271 3046 403 3121 nulum
418 3048 564 3140 nigrum
585 3043 835 3120 &humorem
857 3049 1015 3122 vitreum
1028 3047 1125 3122 illuc
1145 3047 1281 3122 deferri
1301 3044 1445 3121 necesse
1466 3041 1575 3120 foret

272 3149 375 3222 Inter
388 3169 522 3244 corpus
539 3143 662 3218 ciliare
683 3145 722 3222 dt
743 3147 923 3221 annulum
956 3149 1102 3244 nigrum
1127 3172 1204 3222 non
1233 3147 1385 3244 produci
1410 3144 1576 3231 videtur,
1605 3193 1609 3200 -

271 3269 385 3346 quam
400 3248 498 3322 viam
512 3245 665 3322 omnino
681 3245 864 3344 intercipit
878 3273 1010 3326 mucus
1023 3249 1128 3344 niger
1149 3251 1188 3326 in
1210 3249 1385 3326 zonulam
1408 3247 1579 3323 continu·
1611 3319 1617 3350 Ι

271 3373 335 3426 am
349 3349 548 3436 conflatus,
575 3372 686 3444 quem
702 3373 748 3424 ex
762 3352 901 3426 vltimis
922 3353 1018 3428 villis
1038 3351 1239 3433 choroidis,
1273 3353 1427 3426 minime
1449 3366 1579 3424 autem

271 3452 431 3530 aretina
454 3451 610 3537 secerni,
639 3451 792 3551 quilibet
816 3453 923 3530 lacile
950 3452 1173 3531 concesserit.
1226 3454 1305 3532 Sed
1331 3476 1455 3552 neque
1477 3452 1577 3528 inter

271 3555 452 3633 annulum
465 3553 612 3652 nigrum
629 3569 668 3632 et
680 3551 878 3637 humorem
889 3555 1050 3636 vitreum
1064 3556 1201 3634 deferri
1217 3556 1447 3636 crediderim.
1493 3552 1580 3734 ιιέιι-

319 3711 321 3714 -
1256 3686 1261 3707 l
1464 3681 1493 3734 sl
1533 3677 1579 3734 us

312 3861 377 3944 (D
396 3861 594 3936 sennam,
616 3869 651 3926 vt
667 3883 705 3926 ex
718 3864 904 3932 Hancne·
985 3865 1049 3950 (g)
1073 3863 1159 3932 Lite.
1175 3866 1224 3932 rit.
1238 3883 1270 3948 p.
1285 3865 1416 3948 rosqq.

275 3963 337 4038 eurr·
355 3947 434 4040 φφ.
451 3947 745 4026 modostapparet,
772 3949 904 4010 retinam
1423 4023 1432 4039 ι
1546 4019 1558 4038 .

149 4061 153 4068 ,
272 4025 432 4118 drurdttrn
455 4027 632 4106 portionem
652 4027 905 4122 medullprernet
987 4027 1040 4107 (st)
1071 4028 1165 4124 Cpnf.
1186 4025 1317 4092 Obseru.
1340 4025 1380 4086 de
1402 4021 1578 4112 differentia

270 4103 496 4199 crysiallmam,
519 4127 648 4187 quarum
673 4109 750 4169 baec
772 4127 805 4168 tn
827 4112 904 4170 duaa
946 4107 1079 4172 sabricae
1094 4127 1125 4172 m
1143 4110 1237 4170 oculo
1257 4107 1396 4168 humano
1413 4115 1449 4166 et
1466 4101 1577 4197 bruto·
1626 4131 1634 4152 ι

271 4184 411 4332 iiiiii
428 4186 693 4351 seiiiiibeqm‘s
706 4190 904 4338 'ili‘ffllii
945 4189 1227 4338 'i‘ircmm
1251 4187 1324 4256 ⁸⁰⁶⁰
1350 4183 1403 4256 δ”
1431 4183 1574 4266 &m

414 4311 425 4342 ,
614 4291 708 4354 capu
789 4291 829 4334 co
892 4301 902 4316 ·
979 4315 988 4342 ,
1057 4315 1067 4336 .
