4098 5260
451 485 502 568 td
654 501 941 564 nnscnrrnro
958 501 1172 562 ananum.
1192 499 1331 560 ocvcr
1352 470 1571 564 munaum
1663 525 1667 532 ·

450 715 500 772 ex
515 689 804 772 Commentariis
818 685 959 786 Regiae
979 682 1208 768 Academiae
1226 681 1411 768 Pariiinee
1433 685 1636 787 quidquam
1655 681 1766 764 intei-

451 795 611 886 lexiiiet,
638 795 801 872 eundem
816 791 1018 870 obseruaiic
1037 791 1076 868 se
1100 789 1270 870 affinnat
1329 789 1531 870 Pn'rrrvs
1549 791 1616 884 (rr)
1636 803 1767 871 autem

450 895 619 980 iirbtiiius
644 911 684 974 et
710 899 918 974 accuratius
946 893 1069 972 adhuc
1095 892 1397 986 coninnttioucm
1423 895 1527 972 iiiam
1554 893 1766 975 sderoucac

450 1025 539 1084 cum
556 1024 691 1080 cornea
713 999 958 1098 descriptione
984 1014 1025 1076 et
1048 999 1177 1097 figuris
1199 993 1384 1098 expromt,
1419 997 1598 1096 illamque
1619 997 1766 1077 duobus

452 1107 622 1206 inprimis
635 1103 758 1180 modis
775 1101 855 1180 fieri
868 1101 1094 1188 obseruauit,
1119 1103 1257 1186 altero,
1284 1121 1360 1200 quo
1380 1122 1518 1178 cornea
1540 1102 1579 1179 in
1601 1121 1766 1178 cuneum

451 1207 647 1310 produt'ta,
674 1205 899 1283 ascierotica
918 1204 1045 1293 incisa,
1071 1203 1211 1304 suique
1233 1202 1426 1300 adaptata,
1452 1201 1646 1302 recipiturc
1674 1204 1769 1280 nite·

449 1335 515 1404 ro,
542 1335 617 1412 quo
631 1309 779 1409 obliqua
794 1309 981 1386 adfixione
994 1309 1092 1384 duae
1104 1309 1192 1384 iliae
1209 1319 1333 1406 parter
1345 1304 1430 1382 sunt
1442 1305 1541 1384 inter
1555 1304 1591 1382 se
1607 1305 1766 1400 iuntiae.

504 1416 555 1492 od
569 1417 705 1494 iterum
721 1413 855 1512 tripiici
867 1411 1052 1508 contingit
1066 1411 1230 1492 mdonec
1262 1409 1343 1488 Aut
1361 1409 1465 1488 enlm
1488 1410 1588 1488 linea
1609 1411 1767 1488 conium

499 1521 602 1608 onis,
628 1541 725 1616 quae
738 1513 785 1594 ab
808 1529 978 1592 extremo
998 1537 1159 1592 carneae
1179 1511 1388 1600 descendit,
1412 1537 1503 1592 cum
1523 1513 1662 1592 chorda
1684 1533 1768 1590 cor·

442 1643 547 1700 meae
568 1619 748 1718 anguium
768 1619 981 1718 obliquum,
1008 1631 1076 1694 aut
1095 1617 1255 1704 retium,
1291 1629 1361 1694 aut
1382 1631 1537 1694 acumm
1568 1616 1766 1715 intercipit·

449 1727 620 1809 Primum
637 1723 906 1800 coniunfflonis
919 1719 1094 1806 modum,
1120 1743 1235 1820 quem
1249 1721 1450 1798 Peninus
1472 1721 1512 1796 in
1534 1717 1687 1796 homine
1708 1739 1768 1796 ra·

445 1821 626 1910 'riffimum
642 1823 713 1903 eise
729 1822 866 1912 aderit,
893 1843 969 1922 quo
981 1845 1118 1898 cornea
1133 1825 1172 1900 in
1191 1843 1353 1900 cuneum
1373 1820 1548 1921 produsta
1568 1821 1768 1900 ascieroti·

452 1955 499 2009 ca
519 1931 692 2028 adaptata
711 1927 904 2025 recipitur,
935 1923 1187 2024 frequentius,
1220 1923 1401 2025 aerugo
1420 1937 1572 2023 putant,
1597 1924 1767 2023 inprimis

451 2033 491 2111 in
509 2031 628 2109 oculis
640 2029 844 2115 infantum,
869 2025 1083 2120 obseruaui,
1104 2041 1147 2105 vt
1163 2027 1351 2104 scierotica
1368 2029 1534 2108 emerius
1549 2041 1591 2105 ct
1609 2029 1768 2106 mterim

452 2134 601 2232 longius
616 2145 829 2233 procurrat,
855 2143 896 2207 et
908 2131 946 2206 in
962 2145 1067 2229 parte
1081 2131 1302 2208 intermedia
1316 2131 1426 2208 citius
1446 2132 1485 2206 in
1509 2153 1684 2208 corneam
1700 2132 1767 2214 dc.-

450 2249 627 2338 gencret,
653 2234 924 2338 quo·bifurcat0
940 2234 1017 2310 iine
1031 2255 1167 2310 cornea
1189 2235 1228 2309 in
1249 2257 1413 2312 cuneum
1435 2235 1608 2334 produfta
1629 2235 1769 2334 excipi·

450 2357 523 2422 tur.
574 2339 769 2417 connexio
787 2351 933 2422 autem,
960 2360 1074 2436 quam
1089 2336 1525 2436 frequentiiiunamvidi,
1550 2337 1604 2414 ita
1618 2337 1768 2418 tescha-

450 2444 536 2534 bet,
564 2455 608 2520 vt
620 2441 735 2518 fibrae
749 2439 979 2536 icleroticae,
1001 2463 1081 2540 qno
1096 2439 1179 2516 sunt
1192 2440 1406 2524 interiores,
1432 2465 1479 2518 eo
1495 2441 1605 2522 citius
1624 2442 1664 2520 in
1684 2465 1769 2522 cor·

450 2569 564 2625 neam
580 2543 804 2642 pellucidam
817 2543 1068 2640 degenerent,
1095 2543 1202 2620 etita
1212 2565 1390 2620 corneam
1405 2545 1570 2622 exterius
1583 2545 1768 2642 unguite

451 2671 533 2728 rem
555 2646 733 2732 reddant,
758 2667 857 2744 quae
872 2643 947 2742 ipsa
960 2657 1089 2720 tamen
1109 2669 1187 2720 non
1202 2645 1253 2721 ita
1265 2660 1440 2724 accurate
1454 2647 1649 2743 contingit,
1675 2649 1766 2744 quin

449 2751 639 2830 interdurn
660 2747 839 2847 particula
860 2745 943 2824 niba
963 2743 1174 2844 scienotirae
1193 2749 1345 2845 longius
1363 2751 1404 2828 io
1428 2773 1588 2829 corneae
1608 2748 1768 2832 subibo-

449 2856 542 2934 tiam
557 2852 798 2937 immittatur,
824 2862 865 2926 et
882 2849 1077 2950 utriunque
1094 2853 1210 2950 partis
1229 2851 1345 2931 fibrae
1366 2851 1405 2930 ie
1427 2853 1656 2952 excipientes
1676 2875 1769 2934 eau-

450 2957 540 3039 dem
554 2955 633 3032 fero
646 2955 804 3052 figuram
819 2953 1048 3052 exprimant,
1085 2977 1160 3052 qua
1190 2947 1353 3054 pistores
1372 2951 1422 3034 vfi
1452 2955 1643 3034 flammam
1667 2955 1768 3055 ignis

448 3059 641 3140 delineare
657 3056 786 3134 solent.
841 3059 947 3144 Quae
962 3056 1144 3155 quumite
1158 3053 1246 3147 fint,
1269 3059 1343 3136 iliis
1363 3059 1575 3158 adstipulari
1593 3083 1670 3138 non
1694 3060 1767 3142 do

448 3163 548 3251 bito,
581 3160 646 3264 qui
679 3183 856 3236 corneam
885 3158 1097 3237 scieroticae
1123 3161 1441 3242 continuationem
1482 3161 1556 3242 eise
1593 3163 1766 3246 meduno.

447 3267 771 3347 Moncaomrvs
796 3266 855 3354 (rr)
888 3276 1079 3361 praeterea
1103 3263 1248 3340 teudiner
1268 3263 1509 3366 masculorum,
1536 3269 1586 3344 ad
1605 3267 1767 3346 scleroti·

448 3393 517 3448 cae
533 3363 835 3466 compositionem
851 3366 1055 3443 conuenire
1068 3367 1242 3456 credidit,
1296 3371 1334 3446 ui
1352 3381 1392 3445 et
1408 3369 1447 3446 in
1461 3368 1557 3468 pisce
1570 3370 1766 3450 tendinem

448 3471 488 3552 in
505 3469 760 3548 membranam
775 3482 964 3546 mutatum
987 3491 1009 3544 a
1031 3491 1165 3548 cornea
1184 3393 1333 3560 emolit,
1370 3487 1410 3549 et
1434 3473 1669 3552 Burcosro
1692 3471 1766 3568 (o)

448 3595 584 3653 corner
600 3571 692 3678 nihii
716 3571 817 3650 aliud
836 3570 910 3648 eiie
928 3571 1121 3650 videbatur
1145 3573 1209 3650 nifi
1234 3573 1351 3675 fibrae
1377 3575 1527 3652 ammiror
1551 3601 1569 3652 r
1587 3571 1766 3677 schrotr'da

428 3683 662 3756 crearemur.
716 3675 794 3756 Sed
810 3673 910 3752 hanc
919 3674 1135 3776 opinionem
1149 3701 1225 3753 non
1241 3677 1385 3756 neceiie
1408 3677 1479 3756 crit
1497 3667 1672 3766 refutare.
1699 3677 1765 3778 qui

448 3779 614 3880 superius
628 3781 703 3855 iam
718 3779 935 3864 docuimus,
959 3777 1134 3862 tendines
1145 3805 1270 3880 neque
1292 3782 1332 3862 io
1360 3783 1577 3861 continuam
1597 3782 1766 3866 moion

444 3880 630 3990 expandi,
655 3903 781 3984 neque
794 3880 1033 3970 adcomeam
1047 3882 1272 3988 pertingere.
