4094 5262
463 424 540 516 154'
654 431 958 504 ‚pnsnnrerro
984 433 1195 497 aaaron.
1215 433 1593 536 ornemur

464 640 538 719 qua
556 617 787 694 connexione
803 614 952 694 direslio
972 622 1025 694 ita
1037 627 1221 708 mutatur.
1247 629 1289 694 vt
1303 616 1342 696 hi
1360 617 1513 698 musculi
1532 619 1683 696 nonium
1705 631 1784 701 non

464 717 588 796 versus
617 721 773 818 primam
798 720 998 814 originem,
1034 719 1095 794 sed
1114 717 1240 799 versus
1262 719 1400 797 lineam
1425 722 1656 804 tendinearn,
1684 725 1782 804 vnde

466 821 580 898 srbrae
608 843 740 898 eorum
765 841 922 896 carneae
950 820 1127 906 veniunt,
1153 821 1293 900 ducere
1318 819 1456 918 poffint.
1516 819 1676 917 *Similiall
1691 833 1782 918 ergo

461 921 541 1000 sere
567 924 618 1000 est
638 921 699 999 hie
719 921 1014 1007 mechanismus.
1041 945 1086 998 ao
1111 920 1149 998 in
1176 920 1346 1000 binentre
1376 923 1547 1004 maxillae
1565 923 1781 1008 inferioris,

460 1024 615 1104 tendine
629 1022 694 1100 suo
708 1023 929 1116 intermedio
944 1022 1017 1099 lata
1032 1021 1245 1120 aponeurosr
1263 1023 1322 1101 olsr
1338 1024 1466 1120 hyoidi
1480 1050 1645 1108 annexu.
1671 1037 1713 1100 vt
1726 1023 1783 1103 lis·

329 1175 344 1182 -
461 1127 589 1228 petius
603 1125 691 1203 licet
704 1138 808 1202 ortus
827 1124 1016 1202 maxillam
1043 1138 1171 1202 tamen
1193 1125 1366 1204 deorsum
1388 1126 1535 1208 trahere
1556 1127 1668 1224 polsrt
1722 1125 1782 1212 Fr:-

451 1216 552 1308 'brae
567 1252 655 1324 ergo
670 1249 825 1308 carneae
838 1227 877 1304 in
896 1247 1007 1302 unam
1022 1249 1173 1302 carnem
1193 1225 1384 1312 eolletlae,
1412 1226 1458 1302 ab
1473 1230 1614 1326 origine
1628 1225 1781 1326 paulum

466 1329 839 1418 extrorsum-flexae,
865 1327 1076 1408 musculum
1097 1330 1339 1417 constituunt,
1366 1329 1430 1426 qui
1450 1330 1634 1416 anteriore
1657 1327 1786 1412 versus

464 1431 690 1536 progreffirs,
716 1432 764 1514 ad
779 1433 878 1521 latus
895 1431 1057 1513 exterior
1075 1429 1178 1515 bulbi
1190 1429 1290 1510 oculi
1302 1427 1462 1518 accedit
1484 1506 1502 1559 ¹.

1034 1719 1070 1808 §.
1128 1711 1210 1796 Vll.

786 1865 855 1959 Dr
873 1867 1030 1981 origine
1050 1867 1209 1982 musculi
1229 1861 1455 1960 attollentis.
1621 1867 1628 1884 ’
1718 1955 1721 1964 .

621 2033 679 2118 Ex
698 2046 857 2136 quatuor
878 2039 950 2116 illis
971 2038 1076 2114 restis
1099 2013 1257 2134 superest
1276 2013 1613 2126 adhuc'attolleos,
1639 2033 1703 2138 qui
1725 2029 1786 2126 etl

465 2141 541 2222 iam
556 2137 602 2218 ab
617 2139 802 2219 Anaruo
819 2145 895 2241 (p)
919 2140 991 2218 fuit
1004 2139 1259 2229 obseruatum,
1286 2139 1403 2246 oritur
1422 2138 1571 2236 obliquo
1592 2153 1678 2219 ortu
1699 2165 1780 2240 par·

465 2246 535 2324 tim
550 2269 573 2321 a
584 2243 753 2344 perlollio
769 2242 927 2329 orbitae,
950 2242 1050 2341 quod
1064 2241 1271 2336 marginem
1295 2237 1377 2315 offis
1400 2238 1657 2332 multiformis,
1682 2240 1781 2320 inter

464 2347 636 2426 foramen
651 2344 815 2444 opticnm
837 2345 878 2422 ὄι
896 2343 1056 2421 fissuram
1078 2340 1338 2440 sphenoideam
1358 2340 1621 2420 intermedium
1642 2343 1782 2420 succin-

466 2451 540 2548 git,
568 2473 665 2548 quae
680 2447 793 2524 fibra'e
808 2468 893 2524 cum
908 2446 1028 2544 capite
1049 2445 1184 2524 minori
1204 2441 1358 2525 musculi
1377 2442 1596 2522 abducentie
1620 2442 1671 2522 ibi
1692 2467 1782 2522 con-

463 2551 631 2640 innatae,
655 2549 693 2628 or
706 2549 789 2624 loco
812 2547 931 2643 magis
946 2545 1134 2646 posteriori
1154 2545 1435 2642 prouenientee,
1461 2547 1522 2622 vix
1542 2565 1629 2624 oum
1648 2545 1782 2644 vagina

466 2641 1628 2846 ”fullllllastallus?llll‘tlm‘rllslrlltlr
1638 2647 1784 2826 all:

379 2864 387 2876 '
463 2775 547 2935 ium
561 2849 807 2932 &introrsum
824 2849 964 2946 vergit,
991 2848 1030 2926 or
1042 2847 1143 2924 libris
1162 2845 1317 2924 demum
1334 2843 1569 2926 interioribus
1590 2870 1677 2928 curn
1698 2873 1783 2948 par.

465 2967 507 3038 te
533 2951 707 3054 superiori
731 2949 886 3030 musculi
912 2949 1131 3030 adducentis
1161 2945 1408 3026 confunditur.
1461 2949 1593 3027 Fibrae
1618 2949 1706 3028 illae
1731 2949 1781 3032 ari

464 3057 581 3158 ipsam
594 3053 802 3156 supremam
816 3069 961 3152 partem
974 3050 1165 3130 foraminis
1178 3049 1290 3148 optici
1306 3073 1353 3126 ex
1368 3047 1545 3136 diuisione
1566 3051 1681 3132 durae
1700 3077 1782 3132 ma-

463 3159 533 3242 tris
548 3157 829 3260 prouenientes‚
856 3181 902 3232 ex
925 3156 1083 3254 partein
1104 3152 1276 3249 vaginam
1298 3151 1405 3227 nerui
1425 3153 1538 3249 opticl
1556 3151 1595 3230 se
1615 3151 1781 3238 inserunt

466 3259 557 3360 (a),
583 3259 622 3338 δι
639 3255 849 3358 impostum
864 3257 928 3335 fibi
942 3257 1081 3334 habent
1096 3255 1302 3330 senatorem
1315 3253 1530 3350 palpebrae,
1558 3280 1669 3356 quern
1684 3280 1780 3336 nun·

465 3385 581 3466 quam
603 3359 700 3438 inter
720 3359 955 3438 attollentem
982 3359 1020 3436 δι
1046 3355 1237 3454 obliquum
1265 3353 1490 3454 superiorem
1514 3357 1780 3440 intermedium

466 3461 556 3550 vidi,
582 3460 637 3538 uti
654 3459 801 3560 plurimi
817 3461 900 3538 libri
913 3457 1125 3564 Anatornici
1138 3455 1289 3533 suadere
1304 3455 1476 3533 videntur
1491 3453 1563 3554 (a).
1614 3461 1673 3538 Ex
1688 3485 1780 3562 qua.

465 3575 554 3658 ‚tuor
568 3586 655 3666 ergo
668 3559 1071 3644 musculisretlisoculi
1089 3555 1263 3642 amouens
1285 3555 1383 3636 solus
1402 3556 1435 3636 is
1457 3559 1528 3656 eli,
1557 3561 1624 3662 ¹qui
1644 3587 1691 3648 ex
1713 3587 1780 3642 on.

1686 3665 1781 3768 gulo

490 3923 560 4119 nlg)
588 3965 668 4044 sss·
694 3967 794 4052 mfis
811 3965 852 4036 l.
871 3965 940 4044 111.
962 3983 1033 4053 rap.
1047 3986 1096 4054 u,
1146 3965 1238 4034 nerui
1252 3967 1344 4036 illurn
1361 3967 1531 4038 oolraerere
1549 3965 1693 4050 affimat,
1715 3965 1779 4056 fig·

470 4049 855 4136 Tamesalslfiaa
1145 4053 1390 4138 eneam!-

506 4295 562 4383 (a)
587 4289 657 4382 lpse
679 4294 962 4376 aurarem
984 4295 1099 4388 rupim
1145 4211 1777 4384 Εξξτὶιέἰῗπνῧῗλῗὼῗᾶ
