4094 5262
435 489 444 508 ι
467 419 542 496 104
666 409 955 472 nzscm'rlo
973 411 1185 497 Amori.
1206 413 1345 508 QCVU
1369 417 1563 472 rivum

466 603 579 686 nulus
597 599 695 680 enirn
710 600 832 698 niger,
859 594 1145 695 transspiciendo
1166 620 1231 694 per
1256 596 1454 676 humorem
1481 599 1659 686 vitreum,
1686 609 1783 682 aler·

466 710 584 788 rimus
599 705 742 802 semper
755 715 926 801 apparet,
956 724 1026 776 nec
1042 700 1144 775 nulla
1162 703 1315 776 omnino
1332 703 1467 780 nebula
1487 703 1620 789 telius,
1649 719 1713 780 eut
1729 707 1782 780 le·

465 809 606 887 uiffime
623 809 763 882 dilutus
786 803 1024 901 conspicitur,
1050 801 1110 876 sed
1134 803 1338 898 marginem
1369 806 1591 880 anteriorem
1620 805 1779 892 retinae,

450 934 658 1014 *perquem
681 907 990 1006 semipellucidmn
1006 905 1200 982 chornides
1221 904 1406 981 obscurius
1432 909 1610 1005 pellucet,
1638 907 1686 982 ed
1709 909 1782 984 ori·

466 1014 593 1112 g‘inem
610 1009 837 1111 preceliuum
863 1007 1062 1096 ciliarium,
1097 1031 1171 1081 non
1200 1003 1325 1082 senfim
1350 1009 1586 1095 euanescere,
1620 1005 1682 1084 sed
1706 1007 1780 1085 fine
1838 1055 1844 1070 ·

465 1116 602 1215 vbique
616 1113 760 1211 aequali
782 1111 820 1190 iz
841 1123 1011 1188 accurate
1033 1107 1194 1184 limitato
1217 1110 1406 1186 terminari
1432 1113 1615 1188 videmus.
1671 1112 1782 1188 Prae-

467 1229 573 1296 terea
587 1219 709 1293 omnis
722 1215 801 1292 fere
816 1212 982 1308 analogia
999 1211 1161 1308 corporis
1177 1208 1330 1286 humani
1343 1228 1543 1308 repugnat,
1571 1235 1687 1311 quum
1698 1211 1782 1288 nul·

467 1321 549 1400 lum
563 1318 607 1395 srt
620 1321 659 1394 in
676 1339 828 1415 corpore
845 1315 1009 1393 hnmano
1027 1311 1258 1409 exemplum,
1279 1316 1563 1403 'extremitatem
1587 1314 1780 1390 cuiusdam

467 1423 576 1501 nerui
592 1419 800 1520 pulposam,
822 1416 1086 1502 medullarem,
1115 1414 1248 1492 mutari
1276 1418 1313 1491 in
1338 1415 1633 1492 membranulam
1663 1417 1782 1514 pellu-

468 1526 608 1613 cidam,
634 1545 747 1621 quae,
773 1521 896 1597 omnis
917 1517 1038 1594 sensus
1062 1539 1213 1614 expers,
1241 1531 1305 1592 aut
1330 1531 1473 1615 partem
1501 1518 1689 1605 inuoluat,
1716 1519 1782 1594 aut

466 1626 661 1723 ligamenti
676 1623 786 1700 instar
801 1621 984 1699 inseruiat,
1040 1619 1304 1715 Experimenta
1318 1639 1444 1696 autem
1467 1620 1506 1696 in
1529 1620 1645 1696 oculis
1666 1616 1779 1695 affuso

468 1729 636 1808 alcolrole
655 1723 807 1804 seruatis
823 1722 1002 1806 instituta,
1026 1721 1138 1820 paulo
1159 1721 1283 1796 minus
1297 1723 1443 1807 valent,
1471 1722 1570 1821 quod
1584 1719 1658 1826 ipso
1683 1721 1780 1796 elco-

399 1859 403 1866 ·
466 1830 556 1909 hole
568 1828 695 1906 omnia
707 1828 760 1905 ita
777 1847 892 1924 opaca
905 1822 1129 1909 redduntur,
1157 1821 1195 1900 &
1218 1823 1535 1922 constringuntur,
1562 1836 1603 1899 vt
1622 1821 1780 1898 retinam

467 1955 592 2029 neque
605 1929 651 2006 nb
665 1928 824 2007 humore
844 1931 963 2002 vitreo
985 1922 1168 2002 &zonula
1197 1947 1355 2004 coronae
1384 1926 1519 2003 cilinris
1546 1923 1630 2002 salis
1659 1922 1781 1999 distin·

328 2081 333 2092 ·
469 2055 605 2130 gnere,
632 2051 755 2127 neque
770 2025 846 2104 sine
861 2024 1019 2102 laefione
1035 2024 1179 2102 auferre
1195 2026 1314 2104 liceat.
1368 2031 1472 2116 Quae
1487 2049 1601 2126 quum
1625 2026 1677 2102 ita
1698 2021 1779 2114 ssnt,

470 2157 548 2212 non
562 2130 721 2233 polium,
748 2127 838 2228 quin
852 2127 897 2204 iis
913 2127 1127 2225 adstipuler,
1155 2127 1218 2226 qui
1246 2131 1406 2210 retinam
1428 2130 1476 2210 ad
1495 2129 1675 2228 originem
1701 2145 1780 2204 cor·

470 2232 717 2340 poriscffiaris
731 2231 922 2310 terminari
935 2228 1141 2331 perhibent.
1168 2227 1279 2334 (rr).

519 2437 594 2526 (12)
613 2433 724 2524 Suppl.
740 2431 815 2520 Cep.
823 2431 879 2510 111.
892 2433 923 2520 §,
937 2450 985 2505 m.
