4094 5262
467 443 471 448 ’
528 467 697 589 'canp-
725 456 1327 542 ncnmccnnsracnnac
1505 455 1590 558 ’παῖ

271 661 383 744 lentis
398 660 628 744 substantiam
645 675 850 762 penetrant
905 665 1004 752 Quas
1030 659 1303 743 obseruationes
1324 658 1472 765 egregie
1497 683 1586 738 con·

262 766 396 849 firmat
426 783 683 866 praeparatum
715 765 1019 864 elegantissimum
1058 769 1215 844 arteriae
1249 768 1377 851 lentis,
1420 765 1520 863 quod
1545 765 1616 842 in.

270 870 456 946 Thesauro
481 869 1067 946 anatomicollrauanuilnurr
1093 869 1189 958 vidi,
1216 869 1275 944 vbi
1302 872 1338 946 vi
1363 866 1586 943 felicissimae

270 972 476 1065 inietijonis
498 971 535 1046 in
565 983 668 1068 parte
691 972 875 1068 posteriori
898 970 1064 1072 capsulae
1093 972 1280 1047 innumeri
1306 971 1384 1046 fere
1408 977 1588 1068 apparent

269 1073 423 1158 ramuli,
463 1071 502 1148 in
528 1072 752 1166 tenuiffimos
774 1069 936 1152 surculos
964 1069 1086 1156 diuifi,
1106 1145 1108 1150 ,
1127 1073 1165 1150 dc
1187 1073 1372 1151 radiorum
1400 1072 1509 1147 instar
1538 1093 1587 1147 ex

270 1186 404 1250 trunco
419 1172 509 1262 orti,
532 1171 595 1272 qui
611 1175 759 1272 propius
774 1177 822 1276 ad
831 1176 1037 1269 marginem
1052 1177 1192 1250 lentem
1210 1173 1331 1251 adiisse
1346 1174 1492 1252 videtur
1508 1173 1523 1264 (
1554 1173 1584 1267 ).

269 1275 419 1373 Optime
433 1286 560 1352 autem
576 1276 698 1374 placet
721 1277 926 1353 obseruatio
948 1277 1140 1352 arteriolae
1160 1277 1299 1365 lentiS,
1330 1277 1368 1352 iu
1394 1275 1502 1352 oculo
1529 1274 1588 1348 in·

268 1377 399 1464 fautu,
428 1378 533 1454 cuius
547 1376 628 1452 uasa
650 1401 733 1455 cera
749 1379 889 1476 optime
911 1391 1017 1452 erant
1041 1377 1201 1473 repleta,
1230 1376 1371 1454 summa
1393 1377 1587 1474 voluptate

268 1478 361 1558 mihi
379 1479 491 1567 vilae,
519 1501 631 1576 quam
646 1502 759 1578 prope
775 1479 982 1574 marginem
998 1479 1045 1554 ad
1061 1479 1335 1563 connexitatem
1350 1478 1587 1576 posteriorem

212 1639 216 1651 .
269 1582 453 1670 delatam,
480 1579 625 1656 duobus
636 1579 795 1656 'ramulis
809 1579 992 1677 perforata
1006 1577 1148 1673 capsula
1165 1578 1202 1652 in
1218 1579 1331 1675 ipsam
1351 1579 1586 1654 substantiam

267 1681 382 1760 lentis
398 1681 579 1779 profunde
600 1679 636 1756 se
650 1681 924 1776 inmergentem
939 1680 1131 1756 certissime
1150 1679 1320 1778 conspexi
1334 1685 1415 1777 (q);
1439 1677 1502 1755 etsr
1531 1675 1587 1756 as-

268 1783 389 1860 serere
411 1805 488 1858 non
509 1781 686 1867 audeam,
713 1783 812 1858 vnde
835 1783 899 1859 illa
922 1781 1093 1888 arteriola
1116 1783 1160 1857 ad
1184 1782 1327 1856 lentem
1351 1780 1583 1880 peruenerit,

268 1909 365 1984 quae
381 1884 417 1960 in
433 1885 535 1962 lente
549 1884 625 1962 iam
639 1881 802 1983 deposita
827 1883 865 1962 dc
880 1884 927 1960 ab
948 1883 1107 1960 humore
1130 1884 1248 1960 vitreo
1273 1881 1389 1959 soluta
1408 1881 1500 1960 mihi
1523 1905 1588 1959 oo·

268 1987 391 2064 currit.
454 1985 551 2062 Cum
594 1998 721 2062 autem
758 1983 1033 2085 obseruationep
1072 1987 1331 2068 Rurscnu,
1383 1982 1587 2076 Acmnr,

265 2089 538 2174 Monnnnnr,
579 2087 618 2166 dt
639 2111 747 2165 meae
774 2087 935 2188 denique
957 2088 996 2164 in
1020 2087 1137 2163 oculis
1163 2087 1359 2172 humanis,
1394 2087 1517 2165 ouillis
1543 2083 1585 2166 dr
1637 2163 1643 2170 ,

269 2190 410 2267 caninis
425 2190 541 2264 fassae
557 2189 595 2262 in
612 2214 657 2264 eo
673 2188 924 2274 consentiant,
949 2189 987 2263 io
1010 2203 1114 2286 parte
1134 2189 1322 2286 posteriori
1345 2189 1512 2288 capsulae
1534 2211 1583 2265 ex

267 2306 401 2370 trunco
428 2315 451 2366 a
479 2289 646 2385 margine
672 2301 817 2373 remoto
843 2289 1008 2366 ramulos
1029 2291 1067 2366 in
1101 2312 1254 2366 omnem
1276 2287 1458 2366 ambitum
1479 2288 1583 2368 nulle

268 2392 436 2478 diffusos,
461 2390 509 2466 ad
525 2391 753 2466 credendum
769 2391 847 2484 fere
865 2391 1046 2474 adducor,
1074 2391 1282 2467 arteriolam
1307 2391 1408 2467 iilam
1431 2415 1477 2468 ex
1494 2413 1584 2468 ceo·

262 2497 352 2574 'trali
375 2493 516 2570 retinae
531 2507 651 2570 ortam
668 2491 762 2592 parti
776 2492 962 2590 posteriori
975 2493 1087 2568 lentis
1100 2489 1292 2579 inseruire,
1319 2492 1585 2586 vtisecundum

218 2653 225 2664 .
269 2599 523 2696 experimenta
544 2597 731 2679 Parim,
757 2597 1040 2694 Benearnum
1070 2593 1374 2686 deflorarem,
1406 2615 1473 2692 per
1492 2594 1585 2691 liga·
1639 2669 1642 2680 ,

266 2711 396 2778 menta
414 2697 549 2774 ciliaria
567 2697 615 2773 ad
630 2711 772 2798 partem
787 2699 1010 2776 anteriorem
1025 2697 1152 2773 venire
1168 2697 1349 2774 videntur.
1403 2695 1584 2790 Venulas,

268 2825 361 2902 quas
377 2799 495 2876 adesse
510 2821 623 2876 nemo
643 2798 883 2888 dubitauerit,
911 2799 1086 2900 equidem
1099 2822 1292 2900 nunquam
1306 2798 1400 2886 vidi,
1426 2797 1464 2876 δι
1484 2811 1582 2876 arte·

267 2907 408 2983 riarum
420 2905 576 2980 comites
591 2899 662 2978 elle
675 2902 895 2982 crediderim
911 2903 1015 3004 (1⁶).

145 3095 148 3102 ¹
199 3101 204 3108 ⁴
309 3104 365 3186 (p)
387 3105 513 3166 iconem
530 3103 626 3168 hoino
642 3103 773 3167 arteriae
786 3104 824 3166 ab
835 3085 925 3184 ipso⁸
985 3103 1041 3186 (q)
1060 3101 1238 3168 Nonnullae
1251 3101 1364 3164 irarum
1384 3099 1584 3168 obseruatio,

267 3183 487 3251 humanissimo
507 3183 826 3250 Laurentinum
845 3186 902 3248 do·
942 3201 1021 3248 nom
1036 3185 1098 3248 iam
1112 3183 1207 3248 attoli
1221 3183 1255 3244 in
1269 3183 1351 3264 epid.
1369 3183 1409 3248 dc
1421 3181 1579 3270 cefissus*

268 3273 374 3366 namn
386 3265 532 3343 exhibeo,
558 3267 636 3340 Tae.
650 3263 734 3340 VII·
747 3264 856 3350 iia-3.
943 3265 1335 3432 sdiplrglpnsppaplridrvaps
1347 3341 1398 3418 1⁶·
