4094 5262
468 427 543 519 114
660 423 943 484 DESCRIPTIO
965 428 1179 492 ΔΝΑΤΟΜ.
1205 432 1345 494 olivis!
1377 435 1572 494 HVMM

667 1267 926 1363 usura
980 1139 1586 1382 oubsssrauurua

699 1679 829 1793 Situs,
847 1687 1014 1796 figura,
1049 1561 1285 1774 eblorlbnris
1299 1682 1557 1810 crystallinam

470 1839 572 1984 ,Ab
590 1831 848 1940 antiquiffimis‘
856 1841 929 1919 iam
946 1843 1173 1942 temporibus
1187 1845 1285 1919 inter
1299 1844 1476 1920 humores
1502 1833 1598 1918 oculi
1619 1839 1791 1920 referunt

574 1941 716 2022 lentem
735 1943 999 2048 crystallinam,
1030 1944 1092 2022 etfi
1113 1969 1246 2043 corpus
1269 1945 1423 2020 solidum
1444 1942 1505 2026 fit,
1530 1955 1586 2022 vt.
1615 1943 1785 2040 quiante

474 2046 706 2123 Gaauuvur
731 2041 965 2142 scripserunt,
1001 2048 1181 2130 duntaxat
1209 2046 1405 2144 crystallini
1431 2043 1469 2122 δι
1492 2044 1597 2120 vitrei
1619 2045 1785 2122 humoris

473 2144 731 2231 meminerinta
766 2148 986 2224 Guasuvs
1007 2147 1072 2244 (a)
1100 2165 1225 2225 autem
1249 2162 1325 2224 tres
1349 2149 1489 2244 primus
1511 2145 1696 2243 proposuit
1716 2145 1784 2223 hu·

400 2343 406 2348 ¹
474 2271 620 2339 mores,
649 2251 851 2326 &tertium
866 2275 1028 2350 aqueum
1043 2251 1117 2350 ipse
1136 2252 1279 2326 adiecit.
1334 2252 1477 2346 Corpus
1498 2247 1589 2324 illud
1610 2247 1783 2340 solidum,

472 2352 619 2452 propria
633 2351 757 2428 tunica
770 2351 948 2428 inclusum
967 2355 1140 2453 recipitur
1156 2367 1259 2453 parte
1277 2352 1463 2450 posteriori
1478 2347 1703 2448 depreffione
1725 2374 1785 2428 or-

473 2453 652 2540 biculata,
680 2478 791 2552 quam
811 2455 970 2532 vitreum
987 2481 1126 2554 corpus,
1145 2456 1309 2532 anterius
1334 2454 1463 2539 habet,
1498 2451 1672 2530 anteriori
1696 2477 1784 2532 vero

472 2569 577 2732 parte
592 2568 697 2632 natat
720 2557 758 2630 in
781 2579 928 2632 camera
951 2559 1132 2653 posteriori
1157 2557 1323 2632 humoris
1343 2556 1463 2652 aquei.
1518 2555 1598 2631 Sita
1619 2580 1709 2652 ergo
1733 2555 1786 2634 est

490 2678 558 2732 ens
574 2654 779 2764 crystallina
794 2658 832 2732 in
846 2657 969 2731 media
991 2659 1051 2732 axi
1073 2657 1169 2732 oculi
1193 2681 1258 2752 per
1279 2670 1449 2730 centrum
1478 2656 1638 2751 pupillae
1665 2673 1786 2732 trans·
1919 2675 1928 2686 ·

475 2769 609 2846 eunte,
637 2779 722 2832 cum
738 2771 863 2832 autem
880 2758 1045 2836 oriris&
1061 2777 1194 2854 corpus
1211 2759 1334 2832 ciliare
1352 2754 1531 2832 annulum
1556 2757 1709 2833 alatere
1729 2757 1786 2836 in·

473 2871 581 2936 terno
606 2858 848 2954 angustiorem
874 2860 1088 2948 exhibeant,
1123 2858 1234 2934 lentis
1259 2857 1486 2958 crystallinae
1508 2869 1678 2934 centrum
1703 2885 1787 2960 pro-

366 2995 381 3007 ··
474 2960 559 3060 pius
585 2961 843 3037 ad'internum
871 2963 967 3039 oculi
990 2962 1169 3058 angulum
1196 2963 1393 3050 accedere,
1421 2957 1460 3037 bt
1487 2959 1584 3035 intra
1612 2961 1786 3058 planum,

476 3063 575 3162 quod
590 3064 636 3138 ad
652 3065 953 3163 perpendiculum
978 3065 1204 3139 descendens
1229 3065 1378 3140 oculum
1399 3063 1437 3138 in
1452 3063 1620 3137 dextram
1644 3064 1682 3142 &
1703 3063 1784 3141 fini·

475 3165 583 3242 stram
600 3165 749 3251 diuidit,
777 3169 814 3242 in
835 3167 1075 3243 medietatem
1094 3167 1306 3242 interiorem
1322 3163 1494 3240 secedere
1516 3163 1678 3252 videtur,
1704 3189 1785 3244 mo·

474 3281 589 3343 neme
603 3269 676 3342 iam
694 3269 905 3345 Vnaorro
924 3271 991 3360 (b),
1020 3266 1082 3344 etsr
1097 3269 1135 3343 in
1152 3269 1279 3365 plano,
1308 3267 1407 3366 quod
1425 3291 1489 3362 per
1514 3266 1674 3342 mediam
1699 3272 1784 3346 axin

476 3370 574 3446 oculi
591 3368 636 3444 ab
653 3372 894 3446 anterioribus
910 3372 957 3445 ad
974 3369 1169 3468 posteriora
1182 3367 1461 3446 horizontaliter
1480 3369 1629 3444 oculum
1653 3371 1690 3444 in
1716 3372 1785 3448 du-

476 3495 517 3546 as
533 3483 656 3568 partes
672 3472 785 3561 secat,
813 3474 965 3571 omnino
981 3483 1147 3568 ponatur.
1203 3471 1438 3566 lmmergitur
1453 3471 1494 3545 io*
1514 3462 1785 3548 lrrrmoremvi·

475 3585 598 3648 treum
613 3575 660 3647 ad
675 3596 790 3672 vsque
808 3575 906 3650 oculi
927 3575 1106 3650 circulum
1127 3575 1352 3662 maximum,
1380 3573 1443 3669 qul
1465 3571 1606 3649 lentem
1629 3575 1667 3650 iu
1690 3577 1785 3652 duas

476 3674 730 3752 connexitates
745 3677 892 3767 diuidit,
921 3678 1082 3753 multum
1099 3691 1198 3754 certe
1212 3676 1310 3753 inter
1324 3676 1360 3751 le
1375 3675 1600 3774 inaequales.

603 3889 699 3968 Olim
717 3891 865 3988 quidem
885 3895 959 3970 iam
980 3895 1199 3972 Gnuuuvs
1217 3890 1462 3998 crystallinum
1481 3915 1555 3966 uon
1569 3889 1640 3966 else
1658 3889 1785 3988 sphae-

395 4047 410 4058 κ
474 4017 555 4076 ram
577 3993 778 4072 absolutam
806 3995 844 4074 bt
871 3996 1032 4098 vnquue
1062 3995 1311 4096 aequabilem,
1352 3994 1414 4070 led
1444 3993 1554 4090 globo
1582 3993 1787 4176 compffl

517 4315 573 4398 (a)
596 4309 647 4382 m
661 4313 715 4402 oso
729 4323 813 4402 pert.
833 4309 873 4386 1.
886 4309 932 4385 X.
950 4333 1016 4403 rap.
1025 4335 1059 4402 5.
1192 4316 1246 4402 (b)
1268 4315 1366 4392 daal.
1380 4311 1459 4390 bl
1475 4334 1542 4398 ‘eor
