4094 5262
347 399 350 410 ’
441 416 492 502 84
639 421 923 504 ”ascum
948 412 1561 531 nucnonoournvnaun,

299 691 303 698 ,
443 607 531 700 brac
556 605 718 696 rubidae,
746 607 785 688 ir
800 605 1054 688 membraneo
1082 607 1165 686 fore
1198 605 1413 702 substantia,
1446 607 1624 691 vasorum*
1655 613 1764 694 mole

445 709 565 790 multo
591 711 725 797 maior,
752 709 920 810 superest.
1024 711 1103 801 Vix,
1121 709 1236 791 aufim
1257 711 1522 804 omnecfibras
1552 709 1760 812 superstites

450 811 605 900 albidas,
635 816 791 902 inanes,
828 815 876 889 ad
902 813 1121 913 propagines
1154 837 1313 916 ncnrcas
1331 813 1497 902 referre,
1512 839 1620 914 onae
1640 831 1777 902 sautu
1838 816 1842 830 '

449 941 524 1003 non
544 915 627 992 sunt
649 917 770 1014 copia,
793 927 835 992 vt
859 940 971 997 omne
991 917 1175 1015 reliquum
1194 916 1355 1014 ‘spatium
1379 939 1561 1018 occupare
1589 918 1687 1017 poue
1706 921 1762 996 ui·

449 1019 627 1110 deantur,
656 1017 720 1095 etsr
746 1019 960 1114 negandum
984 1018 1135 1105 nonin,
1153 1018 1277 1117 plures
1299 1041 1438 1098 neruos
1464 1020 1512 1096 ad
1537 1021 1765 1098 iridemrnit-

447 1121 494 1209 ti,
527 1121 637 1198 molis
656 1144 793 1220 nempe
810 1119 1065 1222 ouiusparris
1093 1121 1218 1200 habita
1240 1121 1400 1206 ratione,
1434 1144 1548 1221 quam
1570 1123 1618 1198 ad
1647 1123 1777 1204 vllam·

447 1223 544 1316 forto
575 1223 685 1328 aliana
716 1225 879 1324 corporis
902 1225 1058 1302 humani
1081 1237 1244 1325 partem,
1267 1221 1292 1300 sr
1315 1223 1437 1302 cordis
1461 1223 1670 1312 musculum
1686 1226 1761 1308 ior·

449 1339 489 1404 tc
514 1326 752 1424 excipiamus.
857 1329 982 1416 Quum
1011 1339 1140 1412 autem
1175 1327 1297 1405 omnis
1327 1340 1503 1406 anatome
1534 1326 1757 1422 consenticta

282 1507 289 1530 Ι
452 1427 616 1528 partibus
646 1425 858 1518 musculosus
880 1430 1047 1529 plurimis
1066 1429 1215 1529 semper·
1229 1429 1395 1527 impendi
1413 1451 1572 1521 neruos,
1588 1439 1656 1517 rt,
1686 1455 1761 1530 quc

452 1531 577 1630 pluras
604 1530 723 1619 ndfiot
758 1528 872 1608 fibrae
904 1532 1149 1622 moncione,
1191 1555 1236 1613 co
1269 1529 1395 1632 plures
1419 1535 1527 1610 nerui
1551 1543 1696 1631 partem
1719 1532 1765 1610 il·

452 1633 537 1712 lanr-
554 1632 710 1722 adeant,
744 1646 868 1732 partes
901 1650 1030 1716 autem
1062 1634 1225 1712 maxima
1259 1646 1439 1734 exparte
1472 1655 1520 1712 err
1544 1633 1764 1730 vasculis&

457 1735 533 1812 tela
567 1734 738 1812 cellulosa
773 1735 952 1814 conflatas
990 1760 1037 1813 co
1069 1737 1273 1836 pauciores.
1293 1739 1462 1835 accipere
1493 1757 1631 1814 neruos
1657 1737 1705 1829 (n
1717 1733 1763 1829 iz

292 1883 301 1892 -
459 1837 595 1914 dubius
617 1852 718 1924 certe
744 1835 898 1926 haereo,
926 1857 1051 1914 annon
1075 1839 1211 1915 fabrica
1227 1836 1430 1914 musculosa
1453 1839 1492 1914 in
1516 1837 1610 1914 iride
1634 1833 1764 1932 agnos·

424 1939 572 2022 'conda
604 1939 675 2018 eisc
715 1939 904 2024 videaturc
945 1939 984 2018 δι
1016 1963 1142 2023 annon
1185 1939 1328 2014 summa
1360 1939 1463 2018 illius·
1503 1937 1688 2035 mobiiitcs
1720 1935 1765 2014 fi·

369 2095 371 2100 ,
453 2042 530 2239 5338
554 2039 766 2128 musculosus
789 2040 887 2195 inter
911 2039 1071 2140 plurima
1111 2039 1259 2120 vascula
1280 2039 1442 2118 admistis
1467 2039 1664 2146 tribuenda
1688 2035 1782 2150 fitc-

1034 2357 1070 2462 ὃ·
1122 2361 1167 2441 V·
1249 2381 1252 2388 ’

725 2630 727 2639 ,
762 2529 885 2626 Sedrs'
901 2533 1073 2624 colorum
1096 2511 1302 2635 variorum
1323 2529 1457 2651 iridis„

582 2724 735 2808 Vascuia
764 2741 891 2806 autem
922 2731 960 2810 ἁ
983 2727 1130 2806 neruuli
1152 2721 1391 2806 cellulofi'tatc
1412 2727 1511 2804 inter
1533 2723 1569 2803 sc
1597 2714 1784 2808 connexa-⁸

458 2827 496 2905 δι
521 2823 559 2903 in
589 2829 763 2906 anteriori
794 2829 895 2909 &in
923 2829 1113 2930 posteriori
1135 2829 1229 2906 facie
1260 2829 1415 2907 obduiia
1445 2827 1529 2906 sunt
1551 2828 1764 2918 villosrtate,

459 2953 555 3028 quae
573 2928 611 3005 in
637 2944 743 3028 tergo
767 2927 868 3009 iridic
888 2933 1023 3034 vbiquc
1053 2932 1207 3010 illinitur
1222 2933 1416 3031 pigmento
1431 2929 1554 3030 nigro,
1575 2929 1696 3032 pastae
1711 2929 1766 3010 fc·

455 3056 500 3107 re
526 3031 654 3118 instar,
690 3033 824 3110 eodem
850 3037 984 3122 modo,
1010 3034 1064 3111 vti
1089 3035 1137 3110 dc
1163 3053 1317 3133 corpore
1342 3033 1456 3110 ciliari
1481 3031 1641 3110 diximus
1668 3033 1764 3134 (p);

458 3133 497 3208 in
524 3135 699 3211 anteriori
720 3149 847 3230 autern
875 3135 969 3212 facie
991 3159 1100 3234 pura,
1130 3136 1168 3210 in
1195 3136 1304 3212 oculo
1326 3135 1468 3212 recenti
1500 3135 1609 3211 variis
1637 3135 1767 3212 colori·
1812 3146 1831 3175 '·

460 3234 548 3324 bus,
577 3238 658 3314 aliis
689 3239 727 3314 in
757 3238 838 3314 aliis
865 3237 1098 3329 horninibus,
1121 3236 1266 3333 fulget,
1288 3240 1340 3317 ¹in
1366 3237 1459 3315 iride
1487 3249 1615 3314 autem
1636 3241 1674 3314 in
1697 3236 1767 3338 spi-

460 3339 532 3414 ritu
555 3340 629 3416 vini
653 3336 793 3416 seruata
816 3341 889 3417 veli
909 3340 989 3417 fere
1008 3339 1118 3416 instar
1140 3340 1212 3417 albi
1240 3341 1347 3440 opaci
1367 3351 1538 3440 apparet,
1564 3339 1665 3439 quod
1689 3338 1767 3416 vas·

460 3442 553 3518 culis
574 3441 765 3518 instratum
789 3441 861 3519 effe
880 3443 1051 3532 videtur,
1073 3447 1126 3517 vti
1147 3442 1257 3540 paulo
1286 3453 1375 3518 ante
1401 3442 1573 3519 diximus.
1650 3440 1687 3519 A
1711 3440 1766 3520 fa·

459 3542 515 3617 cie
540 3542 639 3617 enirn
660 3543 721 3620 ilia
739 3545 932 3637 anteriori,
959 3541 1253 3643 fimicroscopio,
1278 3543 1380 3643 quod
1401 3542 1540 3620 obiesta
1555 3541 1615 3618 vel
1634 3565 1766 3642 parurn

458 3655 590 3738 auget,
614 3646 823 3723 examinata
842 3647 964 3735 fucrit,
992 3647 1153 3746 vndiquo
1181 3646 1358 3723 secedunt
1379 3644 1541 3730 flocculi,
1564 3644 1628 3742 qui
1645 3643 1766 3724 'libere

455 3744 495 3823 in
511 3769 607 3846 aqua
633 3743 816 3848 conspicui
840 3747 1006 3840 fluitant,
1028 3771 1050 3828 a
1072 3749 1168 3828 viliis
1191 3745 1385 3829 vasculosrs
1401 3749 1510 3850 plane
1538 3745 1701 3837 distinfti,
1727 3747 1767 3826 ot

1718 3871 1766 3926 cx

493 4063 546 4146 (o)
567 4061 620 4132 Sic
641 4062 812 4146 panciffini
836 4067 955 4134 areant
973 4085 1090 4134 neran-
1172 4067 1263 4154 (cr.)
1284 4067 1349 4152 Sop
1372 4065 1442 4134 ic·
1455 4064 1494 4132 11.
1508 4065 1600 4146 §.rt-

451 4143 494 4220 n,
510 4145 688 4246 pulmones,
707 4146 825 4246 lienum
849 4147 885 4215 ἃ
906 4149 966 4215 alia
989 4149 1089 4215 visce-
1170 4149 1226 4236 (p)
1249 4149 1331 4222 Sea.
1346 4087 1397 4222 ⁵1.
1413 4147 1448 4232 S.
1466 4147 1537 4220 111.
