4094 5262
466 451 541 528 ror
671 449 1554 523 nnsoarrrropsusennoevsrnvrmrrr
1680 436 1684 444 '

471 643 633 722 Movns
647 637 721 716 iam
743 639 909 730 monuit,
936 638 1055 715 statim
1070 636 1163 724 vidi,
1186 636 1394 734 fragmenta
1404 637 1570 734 glacialia
1585 637 1625 716 in
1639 633 1781 717 ambitu

470 743 585 845 posita
601 741 672 819 elle
687 743 843 828 maiora,
857 741 1046 818 interiora
1061 739 1205 820 &lenti
1219 740 1386 838 propiora
1402 743 1556 820 minora.
1609 742 1687 818 Sed
1707 739 1783 838 ipsa

472 849 536 925 illa
551 843 758 942 fragmenta
770 841 1140 942 squamas-referunt,
1168 865 1324 940 quarum
1345 843 1547 920 exteriores
1573 844 1678 932 duas,
1704 857 1784 918 tres

444 986 449 992 ·
470 946 959 1049 puatuoruelineaslongae
974 945 1073 1035 sunt,
1099 943 1348 1042 paulominus
1362 945 1479 1032 latae,
1507 943 1784 1044 aparteposte-

474 1050 561 1143 riori
576 1047 731 1129 crassiori
746 1049 785 1123 in
805 1049 1014 1137 tenuiorem
1029 1046 1254 1128 anteriorem
1266 1046 1382 1128 finem
1398 1048 1506 1129 cunei
1521 1043 1788 1144 modofptorlm

476 1155 573 1238 itaer
598 1153 794 1233 interiores
805 1164 935 1244 autem
950 1149 987 1229 δι
1002 1149 1095 1228 lenti
1109 1149 1297 1249 propiores
1313 1149 1441 1228 l'enlim
1456 1152 1622 1244 minores
1642 1144 1788 1235 sunt&

415 1248 417 1262 ’
474 1255 676 1335 breuiores.
726 1254 868 1332 Omnes
882 1253 967 1330 illae
988 1252 1160 1352 squamae
1181 1252 1233 1342 ita
1253 1249 1316 1335 fibi
1337 1252 1577 1340 incumbunt,
1610 1263 1651 1328 vt
1672 1249 1789 1344 facies

478 1381 646 1448 conuexa
672 1354 893 1434 exteriorem
920 1357 1101 1433 ambitum
1128 1354 1295 1432 humoris
1310 1355 1448 1446 ultrei,
1482 1356 1596 1434 iacies
1623 1371 1789 1433 concaua

339 1557 350 1568 Ι
476 1461 620 1540 lentem
633 1455 819 1556 respiciat,
856 1457 1001 1541 &lenti
1015 1460 1204 1558 proximae
1222 1459 1498 1538 conuerritorem
1520 1459 1602 1534 eius
1616 1453 1790 1556 posterio-

477 1583 559 1641 rem
574 1559 654 1638 srnu
670 1559 985 1660 cauo-excipiuntr
1013 1559 1204 1658 segmenta
1218 1559 1318 1643 enim
1333 1561 1470 1649 circuli,
1498 1560 1604 1642 cuius
1617 1571 1791 1654 centrum

415 1745 418 1752 ,
477 1666 516 1742 in
535 1675 664 1740 centro
680 1663 792 1749 lentis
806 1664 902 1743 forte
917 1661 1075 1760 politum
1097 1663 1168 1750 est,
1203 1663 1341 1750 referre
1364 1665 1553 1756 videntur,
1575 1685 1682 1762 ‘quae
1702 1685 1726 1736 a
1751 1657 1793 1740 fe

477 1763 641 1854 inuicem
667 1762 824 1863 separari
850 1765 1010 1864 poliunt.¹
1058 1767 1275 1870 Interualla,
1289 1767 1351 1856 illa
1379 1769 1601 1863 laminarum
1624 1760 1793 1862 corporis¹

478 1867 586 1946 vitrei
600 1866 764 1965 undique
779 1867 862 1945 sunt
881 1880 1029 1968 aperta,
1055 1867 1095 1946 δι
1117 1891 1182 1966 per
1200 1881 1318 1946 totam
1339 1870 1438 1949 illius
1461 1872 1600 1948 molem
1623 1867 1662 1944 in
1678 1884 1792 1941 vnam

480 1968 696 2047 continuam
724 1968 926 2044 sanitatem
951 1967 1195 2048 consentiunt.
1247 1971 1397 2069 Optime
1424 1973 1517 2052 illud
1542 1965 1793 2048 demonstrant

439 2074 443 2084 '
482 2068 760 2168 experimenta,
799 2069 933 2167 quibus
963 2069 1147 2158 constitit,
1186 2095 1252 2169 per
1277 2074 1497 2156 leuillnnum
1534 2069 1792 2151 vulnusculum

481 2169 913 2260 membranaeexteriori
923 2169 1102 2250 infliiium
1120 2170 1224 2258 breui
1237 2197 1389 2254 omnem
1397 2179 1583 2278 liquorem
1596 2168 1794 2256 exsudans,

482 2272 720 2372 lamulosque
742 2273 873 2362 inanes
892 2273 996 2353 inille
1015 2273 1180 2362 reliiioss
1215 2278 1320 2354 cuius
1342 2279 1504 2378 corporis
1524 2295 1651 2358 autern
1673 2273 1799 2366 moles

483 2375 606 2458 multo
614 2375 759 2456 ¹diutius
775 2372 958 2462 seruetur,
993 2374 1206 2476 priusquam
1229 2379 1366 2457 humor
1385 2405 1451 2480 per
1472 2381 1649 2481 parietem
1674 2387 1799 2462 exter·

484 2500 576 2566 num
589 2475 825 2555 transsudans
840 2478 878 2554 in
893 2499 1002 2556 auras
1017 2479 1229 2566 euanescat,
1254 2479 1433 2582 srcorpus
1447 2485 1605 2560 vitreum
1620 2499 1693 2558 vna
1707 2497 1797 2554 curu

484 2579 588 2660 lente
605 2575 681 2656 sme
694 2579 768 2654 vlla
780 2577 940 2668 laesrone
954 2579 1159 2678 depositum
1173 2581 1285 2658 fuerit
1302 2585 1374 2674 (s).
1426 2587 1489 2662 vti
1512 2599 1638 2662 autern
1659 2581 1797 2660 humor

484 2682 641 2767 vitreus,
669 2679 1306 2780 conlisinaeresuipensrs.iens1m
1326 2686 1490 2780 pondere
1504 2682 1697 2776 decrescit}
1730 2681 1798 2772 ite,

488 2783 595 2862 oculo
610 2783 648 2858 in
663 2803 799 2882 aquam
813 2783 1001 2867 immerso,
1028 2782 1134 2860 breui
1153 2783 1317 2882 pondere
1337 2786 1475 2874 iterum
1497 2787 1644 2874 auitum
1664 2782 1801 2880 depreq

479 2883 710 2975 luendirnus,
735 2885 990 2978 vtioprnea'in
1004 2905 1101 2984 aqua
1122 2899 1309 2973 macerata
1330 2886 1503 2987 turgelcit
1522 2890 1596 2980 (r).
1650 2885 1799 2981 Congen

487 2989 581 3070 riem
598 2989 701 3068 illam
715 2987 927 3072 selluloiam
939 2987 1102 3085 undique
1120 2985 1414 3086 comprehendit,
1429 2989 1467 3067 ir
1483 2987 1666 3078 [asculum
1680 3007 1801 3063 vnum

489 3091 772 3169 membraneum
788 3089 938 3168 conficit
951 3091 1078 3166 tunica
1097 3091 1261 3188 propria,
1287 3091 1405 3167 vitrea
1426 3092 1539 3188 vulgo
1561 3081 1672 3176 diua,
1700 3108 1800 3185 quoe

489 3193 664 3272 fabricam
679 3193 932 3281 lameltarurn,
958 3192 1112 3276 cellulas
1136 3191 1238 3269 intus
1258 3189 1551 3277 efformantium‚
1578 3213 1644 3290 per
1663 3189 1798 3266 humo·

489 3319 570 3380 rem
585 3291 961 3386 vitreum-diffundit,
986 3294 1133 3393 illisque
1160 3294 1339 3392 perierem
1367 3315 1606 3384 communem
1633 3291 1801 3390 praebet.

490 3399 614 3478 Facile
627 3410 758 3478 autem
767 3396 987 3480 membrana
1001 3397 1060 3480 illo¹
1074 3396 1344 3486 demonstratur
1357 3395 1460 3484 natu,
1488 3397 1563 3496 qui
1570 3418 1635 3492 per
1651 3391 1802 3470 vulnus-

491 3500 618 3582 mlum
637 3499 816 3584 immistus
837 3513 963 3582 totum
983 3523 1119 3602 corpus
1135 3497 1177 3580 io
1197 3511 1384 3582 tumorem
1408 3499 1531 3585 eleuat
1552 3499 1634 3593 (uls
1655 3509 1696 3572 vt
1707 3495 1803 3676 lallel-r

532 3829 623 3918 (Ι)
664 3833 756 3934 ⁶⁰²5·
784 3821 1017 3923 'muium-¹
1051 3855 1122 3905 Μ
1162 3831 1809 3937 bonpocdnrtrumuungmirtnq

492 3919 634 3993 liuvae
649 3917 702 3984 loc.
720 3927 770 3986 ccl.
1164 3935 1267 3988 uenit.

480 4127 482 4134 ·
535 4051 596 4180 (s)
618 4080 703 4144 ldem
729 4079 951 4162 experimentis
975 4079 1036 4143 luis
1063 4079 1125 4141 iun
1209 4081 1266 4160 (rr)
1282 4077 1359 4146 vid.
1381 4081 1543 4148 comem.
1560 4073 1736 4151 Borrlmuu.
1750 4073 1799 4148 ,7¹0

494 4165 605 4230 docuit
632 4163 760 4230 Ριτιτ.
788 4159 888 4229 Mem.
906 4159 1006 4226 Acar
1036 4169 1126 4238 1728,
1168 4153 1235 4226 IV.
1260 4156 1475 4242 §.DXXHL
1497 4167 1558 4224 cot.
1577 4181 1605 4224 a.
1669 4153 1802 4224 Wun-

497 4243 550 4324 qui
566 4243 667 4308 oculis
684 4244 714 4306 in
732 4259 810 4324 rqus
822 4241 1128 4324 horascirciterqua·
1170 4260 1272 4308 now.
1289 4251 1329 4306 rr.
1346 4244 1383 4308 dr
1398 4249 1428 4307 la
1442 4253 1508 4312 mr.
1532 4261 1563 4305 rr.
1577 4249 1646 4315 aas.
1695 4237 1803 4304 lion·

496 4329 571 4387 tuor
606 4321 720 4416 viginti
753 4325 933 4397 macereris,
962 4321 1128 4386 humorem
1169 4319 1665 4413 snonr.rpijl.XV11.§.25‚

495 4404 631 4470 vitreum
644 4421 679 4466 ru
694 4403 823 4470 homine
847 4406 920 4488 plur
940 4405 1070 4480 decern,
1091 4402 1130 4468 io
1439 4428 1442 4437 ·

988 4519 1066 4566 ς..
