4094 5262
488 403 543 488 74
683 397 1200 476 neccarrssoaatas'oan
1227 397 1366 480 otrus
1391 397 1603 480 atanasi

491 589 651 675 malibus
676 586 783 687 nigro
807 591 999 692 pigmento
1025 589 1181 680 obriusla
1206 589 1506 696 deprehenditur·
1557 597 1600 676 ln
1627 595 1807 690 anteriori

489 694 673 796 plurimae
694 692 800 770 striae
831 695 951 791 magis
985 697 1159 774 minusue
1193 697 1440 797 serpentinae,
1467 701 1680 799 parallelae,
1708 701 1804 778 allae

494 795 657 876 maiores
677 793 773 872 aliae
798 797 989 874 tenuiores
1015 813 1210 896 apparent,
1232 825 1330 899 quae
1350 803 1398 876 ad
1420 806 1601 883 minorem
1623 800 1805 880 circulum

496 913 755 996 conspergunt:
779 925 842 978 ex·
852 898 1122 981 obscurioribus
1149 902 1261 980 radiis
1279 903 1441 992 sadum,
1474 905 1524 982 de
1561 905 1696 1003 quibus
1715 927 1807 980 mox

494 1002 660 1103 pluribus
680 1023 854 1098 ’agemus
883 1046 886 1054 1
907 1002 1134 1100 Supernates
1153 1028 1291 1106 nempe
1310 1007 1471 1084 anterior
1483 1010 1522 1084 in
1548 1008 1645 1084 duos
1669 1007 1806 1096 iterum

477 1106 572 1208 ,abit
599 1106 776 1190 annulosr
805 1103 1026 1184 exteriorem
1053 1107 1248 1196 latiorem.
1274 1110 1338 1205 qui
1364 1109 1530 1206 inprimis
1565 1109 1807 1208 inaequalita-

493 1221 573 1289 tem
605 1207 817 1284 latitudinis-
836 1208 973 1304 prodit,
1013 1231 1060 1284 ex
1085 1209 1175 1286 striis
1209 1209 1426 1292 maioribus,
1453 1211 1491 1288 δι
1515 1211 1635 1308 magis
1668 1209 1808 1306 conspi-

497 1312 577 1388 cuis
603 1309 759 1401 sasium,
784 1310 966 1389 dilutioris
996 1307 1139 1408 semper
1160 1311 1310 1401 coloris,
1341 1311 1607 1412 qualiscunque
1634 1315 1748 1390 etiam
1765 1311 1809 1388 il·

496 1416 534 1503 le
570 1411 773 1502 fuerit·,‚&
798 1413 837 1491 in
856 1411 1031 1520 ‘alterum
1063 1413 1295 1503 interiorem·
1318 1413 1581 1510 angustiorem,
1626 1438 1673 1490 ex
1716 1413 1809 1490 striis

496 1515 744 1600 breuioribus,
766 1514 973 1593 rarioribus
998 1515 1196 1616 minusque
1222 1515 1429 1616 conspicuis
1463 1517 1685 1604 conslatum,
1713 1513 1810 1594 satu·

495 1615 642 1696 ratioris
668 1617 810 1716 semper
837 1617 987 1703 coloris,
1012 1618 1049 1694 in
1078 1620 1180 1694 omni
1203 1619 1381 1696 varietate
1408 1619 1508 1694 iridis
1536 1615 1605 1710 (s).
1676 1616 1808 1691 Omnis

496 1721 560 1802 isla
582 1718 837 1818 superficiesin
847 1719 999 1798 homine
1023 1719 1062 1798 or
1080 1723 1124 1798 in
1147 1720 1314 1818 plurimis
1329 1720 1547 1824 animalibus
1561 1717 1808 1818 explanata&

496 1821 631 1904 saeuis,
657 1824 697 1900 iu
727 1821 801 1908 sele
835 1835 960 1913 autem
982 1817 1019 1895 ἃ
1043 1819 1170 1918 lepore
1201 1819 1463 1916 elegantissime
1493 1819 1634 1906 striata,
1662 1817 1700 1896 dr
1726 1817 1807 1894 fere

496 1927 631 2028 plicata
656 1925 724 2011 esi,
756 1941 819 2016 vt,
843 1931 1022 2022 mpnense
1046 1921 1122 1996 iam
1154 1945 1460 2005 moltonnum,
1488 1921 1527 1994 in
1552 1921 1678 2020 lepote'
1705 1919 1808 1994 floris

493 2027 626 2108 radiati
645 2049 822 2124 coronam
844 2019 1076 2122 erplurinus
1101 2023 1236 2124 petalis
1252 2019 1503 2124 ,compositam
1523 2017 1703 2122 aemulari
1724 2021 1808 2116 fere,

493 2131 662 2232 videatur
687 2129 764 2222 (m).
824 2141 850 2190 ¹-
891 2183 906 2214 ,,

554 2365 558 2368 ’
650 2359 831 2442 Posterior
852 2359 954 2439 iridis
979 2361 1188 2462 superficies
1218 2362 1362 2464 semper
1385 2375 1424 2444 et
1453 2366 1493 2444 in
1522 2363 1694 2442 omnibus
1726 2360 1809 2440 ani·

496 2467 656 2548 mallius
670 2465 864 2542 obducitur
878 2466 1069 2564 pigmento
1089 2464 1206 2555 sulco,
1234 2467 1365 2555 crasso,
1393 2469 1640 2550 solidiusculo‚
1668 2468 1716 2542 ad
1743 2488 1808 2564 pa·

495 2573 571 2648 stae
594 2584 763 2644 naturam
788 2569 907 2662 magis
928 2567 1148 2651 accedente,
1175 2583 1218 2642 vt
1241 2571 1279 2644 in
1305 2569 1506 2646 infantibus
1527 2569 1714 2646 interdum
1730 2563 1808 2644 leui

495 2670 699 2764 agitatione
718 2671 756 2742 in
780 2691 876 2765 aqua
895 2668 1056 2743 annulus
1076 2666 1155 2740 sere
1172 2670 1277 2762 niger
1295 2669 1382 2744 iude
1405 2671 1576 2746 secedere
1596 2670 1687 2744 mihi
1707 2669 1807 2742 uisus

448 2839 452 2848 .
494 2771 626 2856 suerit,
657 2771 739 2846 albo
762 2769 864 2846 iridis
889 2784 995 2866 tergo
1018 2767 1235 2853 resisto,.vti
1252 2770 1362 2867 'supra
1383 2771 1431 2846 tle
1448 2793 1604 2868 corpore
1620 2769 1734 2846 cisiari
1750 2767 1809 2844 did

492 2871 616 2974 ximus
642 2873 707 2968 (n).
758 2875 800 2950 ln
828 2872 956 2948 adulto
980 2871 1202 2970 pertinacius
1230 2871 1381 2970 quidem
1411 2872 1597 2957 inhaeret,
1619 2887 1811 2947 vtmace³

491 2973 635 3052 ratione
658 2987 784 3051 tamen
800 2973 888 3048 inde
916 2973 1057 3068 detergi
1086 2972 1197 3070 poslit.
1278 2975 1482 3071 Nigredine
1511 2991 1635 3052 autem
1651 2973 1713 3049 isla
1727 2971 1808 3052 abs-

492 3075 622 3166 tersa,
640 3076 678 3154 in
710 3077 810 3152 iridis
834 3089 940 3172 tergo
965 3090 1144 3172 apparent
1165 3075 1318 3172 plurimi
1329 3077 1424 3154 radii
1454 3076 1560 3166 reru,
1592 3075 1717 3152 versus
1740 3099 1808 3152 au·

490 3181 623 3256 nusum
645 3181 831 3256 minorem
849 3191 1139 3272 conuergentes,
1165 3176 1294 3252 diuers
1323 3179 1476 3256 omnino
1490 3203 1525 3254 a
1552 3175 1643 3256 striis
1659 3176 1806 3276 serpen·

492 3282 580 3358 cinis
602 3281 709 3359 saciei
740 3280 954 3364 anterioris,
980 3281 1044 3378 qui
1070 3279 1115 3354 ab
1132 3280 1298 3357 ulteriori
1323 3297 1426 3380 parte
1446 3280 1674 3380 processuum
1705 3281 1807 3356 cilia·-

493 3385 614 3470 rium,
637 3384 696 3461 vbi
719 3383 770 3460 illi
792 3381 893 3458 iridis
924 3381 1058 3470 limbo,
1089 3380 1125 3456 se
1162 3383 1210 3458 ad
1239 3407 1396 3460 corneae
1419 3383 1600 3460 ambitum
1623 3381 1807 3480 alliganti.

494 3509 517 3562 a
543 3500 647 3581 tergo
673 3485 757 3562 sunt
781 3490 936 3576 annexi,
963 3484 1016 3562 ita
1042 3483 1228 3574 oriuntur,
1255 3503 1296 3563 vt
1319 3486 1394 3586 ipsa
1416 3485 1480 3564 illa
1507 3484 1718 3588 corpuscula
1739 3484 1807 3564 ali·

1730 3608 1805 3686 qua

551 3799 631 3898 (s)⁸
647 3793 684 3864 lo
725 3799 873 3894 omnibus
914 3795 1101 3895 animalibpe
1115 3841 1130 3903 ,Ι
1168 3799 1355 3875 samonam,
1377 3797 1415 3866 8
1429 3797 1600 3864 brem.
1644 3784 1729 3894 idem
1746 3798 1804 3896 ol»-

492 3903 571 3981 quae
595 3883 790 3948 tndemalro
815 3879 942 3974 colore,
972 3899 1008 3942 ac
1032 3900 1064 3944 m
1092 3893 1125 3942 ro
1169 3881 1304 3945 serumst
1336 3897 1609 3968 mononuprrvs
1636 3878 1718 3962 epos.
1750 3885 1802 3975 fet.

491 3963 624 4061 trustem
647 3959 786 4060 liabent,
823 3979 1003 4056 quipuque
1038 3900 1127 4026 ocior
1166 3957 1196 4060 §5
1229 3979 1275 4029 10.
1309 3961 1344 4027 dr
1372 3962 1420 4026 iil.
1454 3977 1672 4024 nncccnvs
1697 3957 1808 4036 Puer.

490 4036 1129 4220 stira·attumulatus:
1239 4043 1384 4178 eam
1402 4039 1488 4107 ⁰³²¹·
1599 4159 1607 4176 .

499 4207 663 4304 compar.
680 4207 749 4302 soe.
770 4205 807 4270 n.
822 4203 873 4302 sc.
902 4203 987 4302 corr.
1007 4199 1125 4270 nir.
1208 4164 1291 4246 (⁹¹⁸)
1313 4161 1385 4230 νώ·
1405 4163 1459 4226 ¹⁰⁶·
1475 4158 1566 4278 '3⁰³⁰
1579 4167 1632 4230 Μ’

492 4289 530 4354 dr
547 4289 722 4372 drffrmtra
736 4287 880 4370 subrosae
905 4294 984 4352 cnut·
1006 4285 1127 4351 oculum
1209 4281 1276 4364 (a)
1299 4277 1377 4348 Ser.
1393 4271 1669 4370 sm.s.§.111·
1733 4377 1739 4388 ⁸
