4094 5262
470 356 551 428 ω
682 339 1201 438 nnacmniro'nuarou.
1219 367 1359 429 ocum
1385 365 1584 430 nunaut

476 549 711 630 substantiam
743 553 920 630 obuoluat
945 549 1037 646 (l).
1115 552 1271 640 Quodsi
1306 578 1396 632 vero
1431 555 1555 633 omnia
1592 555 1804 636 accuratius

479 651 777 771 perpendamus,
807 653 954 753 capsula
974 652 1087 734 lentis
1126 657 1250 733 tunica
1277 656 1423 756 propria
1448 683 1471 734 a
1495 661 1613 738 vitrea
1635 660 1802 742 duuntta

482 755 554 836 esic
574 757 740 847 videtum,
767 759 821 836 vti
845 781 892 834 ex
913 753 1162 858 descriptione=
1176 759 1296 838 statim
1325 761 1479 864 patebit.

648 972 804 1074 capsula
830 985 957 1054 autem
984 975 1048 1052 illa
1072 975 1112 1054 in
1138 989 1283 1080 partem
1309 976 1599 1063 anteriorem&
1625 973 1807 1075 posteriu-

481 1101 565 1162 rem
598 1078 739 1178 optime
771 1077 888 1156 diuidi
911 1079 1040 1178 potest.
1091 1081 1220 1159 Portio
1244 1085 1406 1158 anterior
1428 1081 1701 1180 pellucidissrma
1720 1079 1804 1179 qui·

482 1183 571 1258 dem
599 1181 686 1275 (c),
718 1179 777 1258 sed
802 1181 912 1257 valde
937 1181 1081 1261 elastica
1113 1183 1152 1262 δι
1172 1183 1264 1262 satis,
1289 1184 1398 1260 crassa
1428 1185 1497 1268 est,
1534 1205 1670 1260 cornea
1699 1183 1806 1274 sere,

481 1280 652 1378 inprimis
678 1283 717 1358 in
739 1282 961 1363 animalibus
980 1281 1199 1372 maioribus,
1218 1289 1441 1374 tenacitate,
1462 1309 1578 1386 quac,
1603 1283 1667 1361 nili
1682 1285 1720 1360 vi
1736 1285 1805 1360 ad·
1836 1303 1840 1309 ’

480 1381 618 1476 hibita,
647 1383 726 1462 acie
755 1384 914 1484 scalpelli
941 1385 1115 1483 pertundi
1138 1413 1215 1464 non
1238 1389 1374 1486 potest,
1402 1401 1443 1464 vt
1471 1393 1531 1464 vix
1561 1385 1645 1464 satis
1673 1385 1805 1464 mirari

481 1485 607 1576 liceat,
634 1489 822 1586 quomodo
841 1510 1098 1570 ua1uns1vs
1124 1486 1195 1586 (d)
1221 1490 1323 1567 illam
1348 1489 1553 1586 negare&
1586 1512 1815 1578 urcrruuu·⁴
1889 1523 1930 1556 ·.
2012 1455 2013 1462 Ν

480 1610 629 1666 uurvs
645 1585 727 1684 ’(ι)
761 1591 858 1668 circa
882 1589 985 1668 illam
1021 1591 1190 1668 dubitare
1219 1593 1392 1690 potuerit.
1521 1590 1650 1670 Multis
1699 1592 1806 1666 enim

481 1691 606 1772 modis
637 1689 830 1770 &rubore
857 1691 896 1769 u
922 1691 1073 1769 craffitie
1099 1692 1246 1792 mperat
1271 1719 1347 1775 non
1382 1694 1498 1770 sulum
1531 1693 1707 1768 laminam
1738 1715 1809 1768 ex·

482 1794 660 1884 terioreru
674 1793 800 1884 lentis,
814 1791 877 1867 sed
891 1793 1002 1890 ipsam
1018 1817 1169 1892 quoque
1182 1795 1514 1876 tunicamvitream
1529 1796 1712 1890 integram
1723 1849 1739 1880 ,
1763 1805 1808 1871 ut

481 1895 545 1974 vix
559 1918 603 1968 ac
619 1917 669 1967 ne
684 1893 745 1968 vix
761 1893 911 1996 quidem
928 1895 974 1969 ab
988 1895 1104 1970 altera
1120 1908 1266 1973 tautum
1282 1899 1361 1972 eius
1374 1897 1513 1972 lamina
1528 1896 1622 1973 adeo.
1636 1895 1807 1972 multum

482 1995 658 2074 tenuiore
670 1995 789 2092 repeti
807 1993 904 2091 polle
925 1995 1094 2071 videatur
1108 1999 1123 2088 (
1124 1996 1182 2096 s).
1235 1999 1326 2076 Pars
1351 2011 1477 2072 autem
1502 1996 1675 2095 posterior
1696 2011 1807 2076 ante·

481 2097 572 2178 riori
584 2095 704 2173 multo
719 2109 820 2172 certe
837 2098 1001 2184 tenuior,
1028 2097 1174 2174 mollior
1196 2097 1234 2174 δι
1254 2099 1432 2175 infirmior
1455 2097 1524 2189 est,
1552 2121 1648 2198 quae
1670 2098 1709 2176 in
1732 2101 1807 2175 ho-

471 2198 589 2280 ·mine
614 2200 767 2276 nonita
791 2199 1018 2288 luculenter,
1043 2199 1082 2272 in
1110 2199 1209 2276 boue
1237 2199 1380 2276 facilius
1406 2200 1546 2276 ostendi
1574 2201 1701 2298 potest.
1757 2204 1805 2282 lu

481 2300 603 2379 aculis
624 2300 723 2378 euim
749 2299 895 2380 bubulis
919 2299 1102 2400 capsulam
1121 2299 1241 2387 illam,
1283 2304 1381 2378 vnde
1404 2301 1478 2400 ipsa
1500 2301 1692 2386 substantia
1716 2327 1804 2404 cry·

484 2404 628 2483 stallina
641 2401 785 2480 extrusa
798 2403 937 2488 suerat,
963 2401 1109 2502 specillo
1123 2403 1296 2491 immillo,
1330 2417 1506 2504 tanquam
1523 2404 1705 2485 sacculum
1718 2407 1802 2486 ina·

483 2530 596 2594 nem,
619 2505 786 2584 hincaut
806 2505 907 2583 illinc
927 2505 1149 2594 attollendo,
1176 2507 1284 2584 facile
1311 2507 1561 2588 demonstrare
1589 2507 1804 2607 pollumusr

482 2609 549 2688 sed
563 2607 749 2684 interdum
768 2627 917 2706 quoque
939 2606 1031 2687 milri
1053 2609 1224 2704 contigit,
1258 2625 1299 2687 vt
1319 2611 1517 2688 hummem
1539 2613 1716 2697 vitreum,
1743 2613 1804 2686 in-

484 2723 594 2807 tegra
608 2709 880 2799 membranula,
908 2733 981 2810 qua
1000 2709 1217 2798 includitur,
1243 2737 1266 2788 a
1288 2712 1454 2810 capsulae
1477 2726 1581 2810 parte
1601 2712 1802 2808 posteriore

484 2811 654 2911 separare
668 2812 872 2909 potuerim,
895 2835 968 2912 qua
980 2813 1257 2912 praeparatione
1272 2815 1355 2912 satis
1371 2813 1805 2913 appamia-cellatura-

485 2929 528 2993 te
542 2937 630 2992 vera
645 2927 841 3012 vtramque
855 2917 1019 2994 tunicam
1035 2914 1222 2992 arctiffime
1237 2917 1334 2996 inter
1353 2917 1388 2992 se
1405 2915 1578 3010 coniungi
1592 2917 1670 3014 (g).
1749 2919 1804 2998 Vt

486 3029 617 3096 autem
631 3017 715 3094 leus
726 3015 932 3112 crystallina
944 3042 990 3095 eo
1011 3017 1153 3096 facilius
1172 3018 1208 3096 δι
1229 3020 1343 3096 tutius
1366 3019 1403 3093 in
1425 3015 1488 3093 sua
1510 3016 1595 3094 sede
1616 3019 1802 3098 contineri

484 3117 611 3223 pellit,
636 3121 678 3199 in
692 3117 860 3218 capsulae
874 3133 1020 3223 partem
1034 3121 1259 3202 anteriorem
1273 3120 1368 3201 vltra
1381 3119 1560 3198 circulum
1578 3121 1800 3210 maximum,

1698 3223 1804 3325 quod

530 3429 584 3514 (i)
605 3420 693 3500 libr.
708 3431 757 3498 ur.
774 3449 809 3516 p,
823 3431 875 3514 ἑο.
889 3451 944 3518 μ.
1206 3430 1271 3515 (s)
1302 3425 1431 3497 Diuersa
1456 3429 1511 3496 illa
1539 3428 1688 3496 eraffltlea
1714 3427 1803 3496 taen

531 3513 595 3592 (c)
617 3511 794 3580 Punrnu's
819 3513 851 3577 in
882 3513 1012 3580 humine
1038 3513 1125 3579 illam
1166 3511 1297 3578 dubium
1326 3513 1386 3576 iarn
1413 3519 1515 3576 mouit
1542 3511 1799 3581 monaterio

488 3603 613 3680 partem
631 3597 821 3660 anteriorem
836 3595 997 3662 interdurn
1018 3597 1124 3661 minua
1165 3596 1304 3680 upilicit.
1322 3597 1409 3676 §.aa
1443 3593 1507 3670 Qui
1518 3595 1602 3658 illam
1613 3605 1731 3675 partera
1746 3613 1802 3658 aa·
1914 3607 1920 3616 “

488 3675 679 3760 pellucidam
696 3673 757 3742 eisc
781 3677 875 3752 dicit,
927 3695 998 3740 uam
1022 3677 1123 3760 poste-
1164 3679 1313 3743 teriureru
1344 3697 1401 3758 pro
1431 3675 1619 3756 expuufione
1653 3675 1803 3739 tendinea

487 3757 629 3834 niumm,
648 3761 736 3842 qanrl
746 3759 874 3843 qnialaul
922 3757 1055 3824 ferimur
1068 3759 1125 3822 ob·
1165 3757 1533 3854 procell'numeilirrium
1547 3755 1722 3852 habuerint,
1751 3754 1804 3818 su·

490 3837 692 3904 seruaturum
706 3841 809 3924 potui.
852 3839 926 3907 viu.
948 3841 1046 3908 Mem,
1064 3838 1124 3907 Ac.
1166 3857 1222 3923 pra
1239 3841 1299 3902 iam
1318 3840 1391 3903 drxr.
1419 3837 1495 3936 Cap.
1512 3838 1580 3904 rire
1601 3837 1697 3920 mord.
1719 3835 1804 3911 Saffo

488 3929 1126 4066 :173K3pi4374uaetutaccweata-
1166 3921 1217 3989 11.
1235 3920 1409 4007 deproceff.
1424 3923 1523 3988 crim.
1535 3917 1565 4005 §.
1616 3926 1747 3990 ,acica-
1814 3995 1818 4002 ¹

478 4031 481 4036 ·
517 4025 538 4068 ο
577 4019 609 4068 re
630 4026 651 4068 e
700 4016 850 4072 meremr.

530 4084 585 4166 (ri)
602 4005 848 4234 ssiunicam.
862 4104 968 4170 cam.
1208 4089 1224 4162 s
1289 4085 1418 4156 tconf.
1444 4085 1666 4162 Momm
1686 4079 1802 4172 m

491 4169 582 4332 ὥ)
638 4168 901 4254 nummum,
917 4168 997 4249 ω.
1032 4169 1129 4253 rm·
1165 4163 1246 4240 XV
1262 4165 1399 4256 liar·
