4064 5260
472 429 484 482 2
580 425 771 483 causan.
844 423 1274 488 usvaursocvcra.
1320 443 1372 492 ⁴.
1502 431 1584 502 arg

257 609 1065 712 roticamp'erlbrante'sin·rambs,ace1itm
1091 613 1217 692 versus
1243 609 1488 714 peripheriarn
1518 626 1579 694 luov

256 719 387 794 diatim
419 716 658 792 decurrentes
688 716 803 792 diuidi
830 714 1032 806 affirmant,
1059 726 1103 792 vt
1127 717 1248 798 stellas
1275 731 1341 796 aut
1367 715 1577 798 arbusculas

256 821 336 896 fere
356 819 564 893 exhibeant.
629 819 685 898 lll.
701 819 953 896 Hanusavs
982 833 1131 908 autem,
1172 823 1362 920 postquam
1390 819 1474 896 alibi
1499 821 1577 903 ianr

254 935 455 1000 monuerat
471 919 567 1018 (m),
599 944 716 997 venas
738 921 847 997 instar
867 921 1083 1000 arteriarum
1107 921 1146 998 in
1170 923 1344 1002 choroide
1368 919 1578 1010 arbusculas

255 1019 437 1100 arteriosrs
452 1021 587 1099 ssmiles
602 1023 664 1099 sed
678 1023 837 1117 maiores
852 1022 1015 1113 efficere,
1042 1023 1082 1100 in
1102 1025 1195 1104 libro
1222 1025 1464 1104 recentissimo
1486 1026 1578 1119 (a),

253 1125 337 1202 vasa
365 1123 429 1202 illa
456 1125 634 1202 vorticosa
662 1126 770 1204 voice
800 1125 848 1202 ad
875 1149 991 1204 venas
1018 1129 1218 1226 pertinere·
1236 1128 1380 1217 docuit,
1406 1125 1575 1225 nihilque

252 1225 370 1304 fimi-le
383 1228 526 1306 arteriis
541 1229 767 1325 contingere.
822 1231 1002 1316 Quaeres
1025 1252 1113 1306 cum
1135 1232 1229 1308 adeo
1250 1227 1424 1308 facilest
1447 1228 1556 1305 obuia
1563 1275 1577 1318 ,

255 1331 294 1410 δι
315 1330 433 1430 primo
455 1331 575 1408 statim
599 1332 756 1419 intuitu,
795 1332 938 1408 arteriis
961 1331 999 1410 ἀ
1022 1333 1129 1408 venis
1159 1333 1329 1432 repletis,
1361 1333 1400 1414 in
1423 1332 1578 1413 oculum

252 1433 434 1516 incurrat,
465 1433 637 1510 concludi
660 1433 748 1508 iude
775 1433 854 1510 sere
881 1433 979 1532 polle
1002 1433 1166 1521 ridetur,
1192 1435 1253 1510 vix
1279 1437 1397 1516 vlluru
1417 1456 1601 1524 eorum„

254 1535 319 1634 qui
337 1535 422 1610 vasa
442 1534 806 1622 vorticolaarteriosa
828 1535 977 1626 dixerit,
1012 1560 1129 1614 venas
1148 1556 1311 1636 unquam
1337 1535 1431 1612 solas
1451 1535 1576 1631 reple-l

252 1633 352 1713 uisse.
407 1635 627 1737 Quicunque
641 1651 767 1714 autem
784 1637 867 1715 vasa
887 1639 952 1718 illa
972 1637 1150 1732 torticosa
1181 1663 1203 1716 a
1223 1636 1378 1722 vasculis
1401 1636 1576 1742 radiatim

253 1735 420 1836 expanfis
446 1739 604 1816 formata
628 1741 735 1818 fuisse
756 1741 948 1835 dixerunt,
976 1743 1113 1821 *miuus
1145 1753 1245 1824 cute
1271 1751 1443 1820 accurate
1469 1737 1575 1837 loqui
1673 1762 1678 1772 ·

250 1840 343 1917 mihi
358 1839 548 1929 videntur,
571 1856 612 1919 vt
626 1867 672 1918 ex
686 1841 932 1941 descriptione
949 1867 1053 1931 mea,
1079 1845 1187 1922 icone
1210 1834 1384 1924 illustrata
1404 1840 1490 1920 satis
1508 1863 1576 1940 paq
1610 1879 1615 1885 ·

195 2017 198 2022 .
249 1943 353 2018 tebit.
406 1943 551 2019 Venula
566 1967 703 2041 nempe
717 1946 903 2042 quaelibet
918 1955 1138 2045 ex'quatuor
1160 1947 1232 2022 illis
1244 1945 1455 2030 maioribus,
1473 1962 1573 2040 quae
1604 1951 1610 1958 “

232 2042 637 2141 ·inprimispulchriora
650 2047 712 2120 illa
727 2046 809 2121 vasa
824 2048 1001 2123 vorticosa
1015 2049 1173 2132 famum,
1200 2046 1261 2124 vbi
1280 2047 1330 2126 ad
1354 2044 1574 2132 ch'oroidem',

251 2146 400 2242 oblique
420 2146 623 2232 accesserit,
655 2147 751 2220 intra
775 2147 1220 2246 breuiffimum'spatium‘,
1263 2146 1574 2232 numerosissimos

136 2274 142 2285 ¹
250 2245 389 2324 emittit
401 2248 583 2332 ramulos,
612 2244 813 2322 densrffirne
829 2248 1044 2342 congellos,
1064 2245 1202 2345 fibique
1223 2251 1390 2345 proxime
1410 2248 1572 2335 viciuos,

250 2361 293 2424 vt
307 2371 353 2424 ex
367 2371 441 2426 vno
455 2349 534 2426 sere
555 2351 689 2446 punsio
705 2348 776 2424 orti
796 2349 1009 2440 videantur,
1035 2351 1098 2449 qui
1119 2372 1251 2426 omues
1271 2350 1350 2432 se're
1371 2349 1496 2426 versirs
1517 2349 1574 2452 al·v

250 2462 431 2528 terutrum
443 2453 541 2528 latus
555 2451 776 2540 decurrunt,
803 2450 951 2531 &vous
964 2451 1002 2530 ἀ
1018 2453 1113 2529 alter
1125 2475 1252 2528 ramus
1268 2452 1392 2532 versus
1408 2453 1569 2530 alterum

248 2554 506 2630 latus-tendit.
558 2553 767 2630 Trunculus
794 2577 882 2650 ergo
909 2553 1091 2631 eiusmodi
1119 2555 1282 2632 ramulos
1310 2553 1433 2632 versus
1459 2554 1571 2643 alter·¹

250 2669 376 2733 utrum
392 2657 491 2733 latus
505 2669 652 2731 tantum
667 2653 827 2732 fundens
852 2656 1011 2739 sormam
1037 2655 1160 2755 potius
1187 2655 1436 2756 repraesentat
1455 2655 1571 2734 sontis
1611 2736 1618 2742 ,

250 2757 412 2836 salientis
428 2759 553 2836 versus
571 2758 717 2855 plagam
738 2757 927 2854 quandam
940 2759 1088 2858 oblique
1101 2759 1245 2850 diresii,
1273 2761 1311 2839 ὄι
1326 2761 1447 2836 radios
1462 2783 1571 2863 aquas¹

249 2881 315 2964 per
330 2861 505 2936 laminam
522 2859 715 2935 cribrosam
730 2860 1036 2949 transmittentis,
1064 2873 1130 2937 aut
1141 2861 1321 2958 aspergilli
1336 2860 1484 2938 laxioris
1503 2873 1570 2946 aut
1638 2881 1647 2894 ·

248 2961 450 3040 secuudum
472 2963 781 3054 Marrnspunx
798 2962 866 3051 (o)
899 2959 1078 3056 plicarum
1105 2961 1288 3060 spiralium
1317 2961 1567 3060 epiderm'idis,
1632 3007 1644 3016 -

250 3088 347 3166 quae
373 3064 410 3138 in
427 3062 530 3160 apice
542 3061 742 3158 digitorum
769 3059 1019 3138 obleruaotur.
1071 3063 1204 3162 Neque
1232 3063 1332 3138 enim
1358 3063 1568 3146 arbusculas

248 3169 433 3251 referunt,
462 3166 630 3260 utrinque
647 3184 770 3238 ramos
784 3160 946 3238 ramosos
961 3161 1178 3251 fundentes,
1206 3164 1315 3241 variis
1333 3165 1396 3242 sub
1410 3163 1568 3264 angulis,

250 3269 456 3366 &repetita
470 3263 752 3350 ramilic'atione,
782 3263 842 3339 sed
862 3277 919 3340 tot
939 3263 1018 3342 sere
1043 3265 1127 3343 suut
1148 3269 1326 3352 trunculi‚
1361 3282 1453 3370 quot
1473 3271 1567 3348 radii

249 3371 398 3449 vorticis
411 3382 607 3469 apparent,
621 3367 697 3466 'qul
711 3363 774 3442 sub
805 3364 1014 3444 acutissimis
1047 3367 1201 3452 demum
1230 3369 1375 3466 angulis
1400 3374 1566 3450 ramulos

250 3477 428 3553 emittunt
447 3471 655 3572 pandorus,
681 3467 819 3568 sibique
853 3470 1057 3566 parallelos.
1111 3460 1195 3562 Qui,
1214 3473 1383 3552 omnium
1409 3473 1567 3573 primia

248 3577 384 3655 venula
408 3577 455 3652 ad
481 3573 694 3651 choroidem
717 3571 958 3660 adueniente,
986 3573 1154 3651 oriuntur
1174 3575 1353 3666 trunculi,
1381 3578 1428 3654 ad
1449 3600 1564 3676 angu-

247 3682 327 3758 lum
346 3701 432 3755 cum
448 3676 620 3755 trunculo
634 3675 908 3774 retrogradum,
936 3675 988 3752 vti
1001 3675 1108 3774 loqui
1135 3675 1270 3766 solent,
1297 3676 1373 3756 fine
1393 3680 1466 3774 vlla
1485 3682 1565 3760 fere

247 3785 288 3860 in
304 3805 428 3858 arcum
445 3781 604 3858 flexione
619 3780 813 3858 retrorsum
832 3776 998 3877 plurimi,
1030 3777 1195 3878 proxime
1212 3777 1274 3858 fibi
1296 3783 1422 3872 vicini,
1455 3783 1567 3862 dutlu

248 3884 346 3962 inter
358 3883 394 3961 se
410 3883 585 3984 parallelo
599 3882 789 3972 serunturr
816 3881 878 3960 alii
890 3905 977 3962 vero
998 3883 1097 3965 inter
1111 3881 1182 3966 bos
1204 3881 1465 3966 &anteriores
1485 3885 1566 3962 nati

1491 3989 1565 4090 prin

290 4274 340 4352 ln)
363 4180 799 4356 stamme&
974 4184 1027 4275 (θ)
1048 4179 1121 4258 soe.
1138 4181 1190 4260 eil·

828 4451 832 4462 ,
966 4385 1084 4493 ula
1169 4355 1213 4432 .'

290 4183 353 4268 (m)
375 4183 404 4253 Ρ

405 4181 424 4251 ir
